2101 3348
374 231 417 266 94
886 219 1022 254 EPIST.
1051 218 1095 253 P.
1125 216 1398 263 NADAL—384

329 321 553 371 ueniatur‚
574 319 610 361 si
630 332 855 362 recessum
878 328 930 372 55
951 318 1055 373 annj
1081 319 1351 362 confirment
1369 325 1514 362 status
1537 319 1761 362 catholici.
1785 321 1964 366 Deinde

331 406 380 440 ut
402 406 545 441 status
568 397 703 451 ijdem
726 396 782 438 ad
804 395 991 440 liberam
1021 403 1066 440 et
1094 403 1296 451 apertam
1324 396 1652 452 professionem
1676 397 1854 454 concilij
1881 399 1963 440 tri-

329 474 500 518 dentini
534 480 884 529 promoueantur
915 472 1279 516 constantissime
1311 480 1447 529 atque
1483 474 1816 528 efficacissime,
1848 490 1961 531 qua-

329 564 523 605 cumque
545 551 727 592 demum
749 549 794 592 id
819 550 993 593 ratione
1015 550 1197 603 faciant,
1230 551 1364 593 modo
1391 549 1591 607 ipsorum
1623 551 1733 596 fides
1757 547 1960 608 pontifici

328 627 521 670 maximo
544 635 751 671 constare
774 626 929 682 possit,
957 626 1033 671 Sic
1055 627 1174 671 enim
1192 627 1442 683 suspitione
1459 642 1508 672 se
1526 628 1647 684 ipsos
1664 628 1871 681 liberare,
1895 630 1960 672 sic

328 704 518 747 offitium
541 718 674 746 suum
703 703 974 746 catholicum
1004 705 1211 759 probare,
1238 704 1301 747 sic
1330 712 1375 748 et
1403 704 1607 760 pontifici
1638 705 1832 748 maximo
1863 706 1962 748 ani-

332 795 450 823 mum
477 781 562 823 sibi
583 780 767 836 suisque
790 781 993 836 ecclesijs
1015 780 1254 824 conciliare
1276 781 1571 825 videbuntur.

418 859 661 902 Caeterum
684 858 737 910 si,
762 859 883 913 quod
907 859 1139 911 uolumus,
1164 859 1251 901 hoc
1280 858 1337 901 ab
1365 858 1451 902 illis
1480 874 1572 902 non
1603 859 1829 916 possimus
1854 875 1965 903 con-

330 935 473 990 sequi,
500 936 623 990 quod
647 943 797 978 tamen
820 936 1085 979 tentandum
1109 935 1254 978 modis
1282 936 1492 980 omnibus
1523 944 1569 980 et
1597 938 1964 981 contendendum

329 1021 412 1064 est,
440 1012 548 1054 illud
571 1026 807 1068 superesse
826 1012 1021 1065 uidetur,
1048 1020 1098 1055 ut
1127 1013 1261 1055 Ill.nus
1286 1015 1344 1056 D.
1370 1014 1550 1069 legatus
1582 1015 1700 1070 apud
1730 1014 1832 1057 illos
1862 1015 1965 1058 edat

330 1104 420 1132 non
458 1091 696 1132 obscuram
736 1089 1114 1146 significationem
1148 1089 1282 1145 animj
1312 1090 1404 1142 sui,
1432 1105 1520 1145 qua
1559 1097 1772 1133 testatum
1811 1091 1961 1142 faciat,

331 1175 586 1222 suspectam
605 1168 724 1210 hanc
741 1166 935 1219 illorum,
948 1166 995 1209 in
1011 1182 1059 1211 re
1077 1167 1261 1229 salutari
1276 1182 1328 1210 ac
1342 1167 1610 1220 necessaria,
1625 1168 1965 1225 tergiversatio-

331 1259 433 1287 nem
457 1243 541 1286 sibi
564 1251 608 1287 et
637 1244 839 1299 pontifici
868 1244 1063 1287 maximo
1085 1259 1175 1286 non
1204 1259 1336 1300 posse
1363 1259 1454 1288 non
1484 1245 1724 1288 admodum
1753 1246 1965 1302 displice-

332 1336 394 1364 re.
421 1324 661 1365 Praeterea
678 1321 822 1365 minas
838 1321 1140 1377 interponere,
1162 1329 1207 1365 et
1225 1329 1442 1366 terrorem
1465 1322 1552 1365 illis
1573 1322 1757 1378 inijcere
1780 1323 1959 1378 poterit,

332 1399 572 1455 propositis
596 1414 651 1443 ex
673 1400 757 1441 hac
775 1398 1135 1456 dissimulatione
1153 1407 1198 1441 et
1216 1399 1593 1455 tergiuersatione
1610 1400 1905 1443 incommodis
1923 1408 1968 1444 et

332 1476 558 1532 periculis,
580 1491 695 1531 quae
718 1476 969 1520 secundum
988 1475 1241 1531 sapientum
1265 1475 1430 1519 iudicia
1453 1484 1790 1532 consequutura
1811 1477 1968 1521 viden-

333 1560 419 1595 tur.
448 1554 568 1596 Addi
590 1561 754 1608 potest,
780 1554 948 1595 nullam
973 1553 1189 1608 reliquam
1209 1568 1308 1597 esse
1325 1568 1468 1610 spem,
1488 1554 1836 1610 prudentissimo
1860 1563 1904 1599 et
1922 1555 1967 1598 in

332 1630 401 1673 his
419 1631 551 1673 rebus
568 1629 940 1673 exercitatissimo
958 1630 1178 1686 pontifici,
1194 1630 1510 1686 persuadendi,
1527 1638 1672 1674 status
1689 1633 1772 1674 hos
1789 1633 1845 1675 ab
1863 1634 1968 1676 hae-

333 1723 483 1752 reseos
506 1707 756 1763 suspitione
777 1707 941 1750 liberos
964 1722 1079 1759 esse,
1105 1707 1191 1750 nisi
1216 1707 1446 1752 tridentini
1471 1708 1645 1764 concilij
1671 1709 1804 1753 fidem
1828 1711 1967 1765 profi-

333 1793 526 1828 teantur.
562 1786 618 1827 Et
646 1786 766 1840 apud
802 1785 860 1827 N.
893 1784 1133 1841 praecipue
1162 1786 1414 1828 curandum
1442 1785 1635 1839 videtur,
1668 1794 1717 1828 ut
1749 1774 1966 1831 ecclesiae

333 1863 581 1904 aduocatus
613 1861 659 1903 in
688 1875 736 1903 re
765 1869 853 1904 tam
883 1863 1089 1913 honesta,
1116 1868 1161 1905 et
1189 1862 1245 1905 ad
1275 1861 1414 1905 totius
1442 1862 1673 1919 religionis
1704 1863 1748 1905 in
1779 1863 1966 1919 imperio

334 1940 618 1981 commodum
638 1938 868 1994 publicum
888 1938 1157 1991 necessaria,
1178 1940 1381 1995 legatum
1397 1939 1540 1993 iuuet,
1560 1955 1611 1983 ac
1630 1940 1767 1983 totius
1785 1954 1966 1997 germa—

335 2015 435 2059 niae
458 2016 638 2058 utilitati
662 2024 800 2070 atque
822 2015 1082 2058 necessitati
1105 2017 1329 2059 consulat.
1539 2069 1541 2071 q
1580 2064 1584 2066 ,

424 2092 603 2147 Quibus
633 2093 903 2147 rationibus,
930 2092 967 2135 si
996 2092 1107 2135 nihil
1135 2093 1412 2149 proficiatur,
1439 2093 1683 2149 significari
1717 2095 1881 2150 poterit
1913 2096 1970 2140 de

334 2170 655 2226 protestatione
678 2170 1019 2226 interponenda,
1045 2171 1125 2213 sed
1147 2185 1246 2213 eam
1270 2178 1418 2213 tamen
1438 2170 1618 2214 differre
1633 2171 1802 2224 licebit,
1825 2186 1969 2227 usque

336 2247 393 2289 ad
416 2261 679 2301 responsum
702 2247 927 2302 pontificis
949 2262 1005 2290 ex
1030 2248 1138 2290 urbe
1161 2248 1472 2291 adferendum.
1500 2251 1605 2291 Mox
1628 2263 1737 2292 uero
1766 2249 1969 2293 scriben-

335 2324 460 2374 dum,
492 2331 535 2365 et
565 2324 793 2366 celerrime
822 2323 1003 2379 quidem
1032 2324 1087 2366 ad
1124 2323 1384 2379 pontificem
1417 2324 1663 2367 maximum
1699 2325 1967 2369 mittendum

338 2400 533 2452 uidetur,
554 2407 604 2442 ut
622 2399 658 2442 is
676 2400 898 2456 intelligat
915 2400 1175 2457 diligentiae
1192 2403 1413 2444 hactenus
1428 2402 1655 2445 adhibitae
1671 2402 1905 2455 rationem,
1922 2410 1966 2448 et

335 2491 495 2520 causas
513 2477 675 2519 dilatae
698 2478 1048 2531 protestationis,
1070 2485 1114 2522 et
1136 2484 1304 2521 statum
1329 2478 1466 2522 totius
1490 2479 1678 2535 negotij,
1700 2487 1744 2523 et
1762 2479 1962 2522 inciden-

339 2561 407 2598 tes
426 2554 497 2596 hic
510 2554 745 2596 doctorum
761 2554 1065 2599 dubitationes
1083 2569 1134 2597 ac
1152 2554 1455 2607 difficultates,
1473 2557 1529 2598 ob
1547 2570 1658 2611 quas
1673 2557 1852 2612 legatus
1870 2556 1966 2612 ipse

338 2646 432 2674 non
454 2630 649 2686 potuerit
672 2630 782 2674 certi
804 2631 971 2686 aliquid
992 2631 1036 2674 in
1061 2646 1108 2674 re
1132 2631 1244 2674 tanti
1272 2632 1487 2675 momenti
1517 2633 1811 2687 constituere,
1837 2648 1969 2689 prae-

339 2708 491 2752 sertim
509 2722 613 2750 cum
636 2707 810 2750 uideret
832 2716 1035 2763 apertum
1055 2709 1099 2751 id
1119 2724 1208 2752 non
1226 2724 1341 2762 esse,
1363 2710 1484 2765 quod
1502 2724 1708 2753 recessus
1727 2711 1830 2766 annj
1860 2720 1968 2765 1555

340 2785 531 2828 concilio
554 2783 813 2836 tridentino,
838 2786 986 2839 quoad
1009 2787 1237 2841 dogmata,
1263 2786 1606 2842 praeiudicaret.
1634 2787 1817 2830 Interim
1840 2787 1972 2843 quic-

339 2862 447 2917 quid
470 2862 670 2918 pontifex
693 2860 915 2904 maximus
938 2862 1212 2915 decreuerit,
1239 2863 1284 2905 id
1314 2877 1416 2906 cum
1449 2864 1634 2906 allatum
1657 2865 1747 2907 huc
1778 2880 1833 2908 ex
1861 2865 1971 2908 vrbe

342 2939 492 2991 fuerit,
518 2937 809 2993 exequutioni
839 2938 989 2981 statim
1020 2939 1385 2982 demandandum
1415 2955 1514 2984 esse
1536 2940 1824 2996 promittatur
1846 2957 1854 2984 :
1881 2942 1971 2984 sal-

345 3030 451 3058 uum
476 3016 594 3058 enim
617 3030 667 3059 ac
690 3015 918 3072 integrum
941 3015 1142 3071 pontifici
1164 3015 1233 3058 ius
1261 3024 1428 3070 manet,
1456 3024 1521 3069 ut,
1549 3018 1670 3073 quod
1693 3017 1789 3074 ipse
1810 3019 1970 3063 uolue-
