2101 3348
365 250 437 287 720
889 237 1027 272 EP1sT.
1056 235 1100 270 P.
1128 234 1399 270 NADAL—ooz

317 358 419 386 rum
438 342 689 384 animarum
709 338 941 382 auxilium.
959 337 1165 382 Salutem
1184 336 1317 379 simul
1332 350 1490 392 precor
1509 335 1721 380 Patribus
1740 337 1956 381 assisten-

320 420 441 462 tibus
462 425 507 462 et
533 417 655 460 Patri
678 414 938 468 secretario,
970 421 1015 457 et
1044 413 1255 457 omnibus
1282 412 1494 457 Patribus
1516 420 1561 456 et
1591 413 1822 457 fratribus.
1857 415 1955 457 Ha-

318 499 424 540 beat
445 510 517 539 me
541 497 593 538 P.
621 496 674 537 T.
702 491 1196 537 commendatissimum
1226 491 1345 546 apud
1373 493 1521 534 Deum
1544 490 1590 533 in
1619 491 1712 534 suis
1741 490 1888 534 missis
1911 499 1960 536 et

318 573 613 617 orationibus.
640 572 762 615 Idem
785 584 909 622 cura,
937 572 1088 621 Pater,
1113 570 1301 613 obsecro
1324 577 1383 622 te,
1409 585 1488 626 per
1511 568 1636 612 alios.
1664 570 1824 622 Halae,
1850 569 1954 611 vlti—

319 650 534 708 moJunii
562 650 689 704 1576.
716 650 773 691 D.
796 649 849 690 P.
877 648 934 690 V.
963 661 1096 690 seruo
1119 646 1166 688 in
1190 648 1291 699 X.⁰,

1403 731 1432 787 †
1465 731 1651 845 NAigAL.
1688 731 1719 787 †

412 882 655 938 Inscriptio
679 882 727 923 ln
751 883 917 936 quarta
933 880 1132 936 pagina:
1156 880 1185 936 {-
1216 879 1478 922 Admodum
1512 879 1627 922 Rdo.
1649 878 1695 921 in
1718 880 1838 935 Xpo.
1866 880 1957 922 Pa-

321 961 377 1003 tri
405 961 464 1004 N.
498 961 552 1002 Ρ.
585 958 816 1001 Euerardo
855 956 1156 1008 Mercuriano,
1192 955 1447 1012 praeposito
1487 955 1689 1012 generali
1719 956 1962 1000 Societatis

313 1040 441 1095 Jesu.
468 1039 652 1079 Romae.
679 1035 787 1077 Alia
814 1049 973 1076 manu:
1008 1034 1133 1088 1576.
1162 1034 1295 1076 Hala.
1323 1035 1375 1076 P.
1403 1033 1592 1077 Natalis.
1625 1032 1795 1077 Vltimo
1813 1033 1955 1090 Junii.

321 1115 480 1172 Sigilli
502 1114 764 1170 vestigiszz.

1067 1241 1194 1281 (502

738 1327 787 1362 P:
809 1326 1128 1362 EVERARDUS
1156 1302 1538 1362 MERCURIANUS

653 1406 863 1448 PATRI
911 1404 1337 1447 HIERONYMO
1386 1404 1628 1447 NADAL

874 1502 1033 1537 ROMAE,
1063 1501 1108 1527 20
1134 1501 1234 1535 JULJI
1264 1492 1354 1536 1576
1382 1495 1407 1527 ¹.

319 1575 481 1620 Scripta
500 1573 676 1617 Natalis,
696 1572 857 1617 aliaque
876 1571 924 1606 ab
942 1572 1025 1616 ipso
1043 1573 1216 1613 servata,
1237 1571 1463 1617 praeposito
1484 1572 1673 1618 generali
1698 1575 1957 1609 reservanda.

412 1660 501 1702 Per
519 1656 756 1700 occasione
773 1656 830 1697 de
847 1654 958 1699 certi
976 1654 1120 1697 scritti
1143 1654 1215 1697 del
1240 1656 1291 1696 P.
1316 1654 1591 1706 Maldonato,
1613 1657 1697 1699 che
1720 1655 1762 1698 io
1779 1658 1960 1701 haueuo

322 1744 368 1781 et
387 1736 431 1779 la
453 1737 507 1778 R.
535 1736 591 1778 V.
618 1748 690 1776 me
712 1732 742 1774 li
765 1732 976 1775 (limando
1005 1730 1265 1787 partendosi
1288 1730 1333 1773 di
1356 1745 1460 1786 qua,
1487 1739 1532 1776 et
1554 1732 1599 1774 d’
1624 1733 1724 1775 altri
1748 1733 1791 1776 di
1815 1736 1872 1777 N.
1901 1731 1953 1777 P.

321 1815 505 1869 Laynez
527 1818 572 1854 et
594 1811 667 1854 del
691 1811 743 1853 P.
771 1810 935 1862 Olaue,
962 1810 1046 1852 che
1069 1809 1265 1851 anchora
1288 1807 1499 1852 dimando
1517 1808 1689 1852 licenza
1707 1811 1762 1853 da
1779 1817 1956 1866 portar-

322 1890 453 1947 segli,
479 1890 541 1932 m’
566 1890 590 1932 e
613 1902 744 1944 parso
767 1886 998 1929 ricordarli
1022 1888 1106 1929 che
1128 1885 1227 1928 sara
1250 1886 1366 1928 bene
1390 1885 1502 1928 facci
1526 1887 1620 1930 sare
1641 1886 1743 1930 lista
1765 1889 1821 1931 de
1844 1903 1950 1943 que-

256 1978 259 1983 ·
322 1968 380 2010 sti
401 1974 447 2010 et
469 1967 526 2010 de
549 1965 653 2008 tutti
683 1964 747 2021 gli
775 1963 875 2007 altri
899 1963 1041 2006 scritti
1064 1964 1148 2005 che
1171 1965 1214 2004 n'
1240 1964 1314 2016 ha,
1341 1962 1434 2006 cosi
1459 1963 1576 2016 suoi,
1603 1978 1731 2008 come
1762 1966 1805 2007 d’
1836 1966 1953 2018 altri,

322 2053 367 2088 et
388 2046 445 2087 de
467 2043 568 2086 libri
600 2049 725 2086 tanto
754 2040 919 2097 portati
947 2040 992 2082 di
1021 2055 1126 2095 qua,
1164 2047 1333 2095 quanto
1365 2030 1611 2095 comparati
1634 2024 1687 2083 *di
1725 2042 1767 2084 la
1799 2056 1884 2085 con
1916 2044 1959 2086 le

320 2121 540 2166 lemosine
562 2122 647 2164 che
669 2119 714 2161 di
738 2134 826 2174 qua
849 2133 926 2174 per
950 2118 1027 2160 tal'
1053 2118 1224 2170 effetto,
1250 2123 1295 2159 et
1313 2131 1397 2159 con
1416 2117 1667 2162 intentione
1686 2120 1769 2161 che
1791 2122 1957 2163 haues—

322 2213 424 2242 sero
448 2198 629 2240 tandem
653 2212 678 2240 a
701 2195 872 2239 seruire
895 2210 973 2251 per
996 2196 1153 2246 Roma,
1179 2208 1227 2237 se
1249 2193 1311 2250 gli
1337 2208 1448 2236 sono
1472 2195 1698 2249 mandate3
1719 2203 1764 2239 et
1782 2204 1957 2256 restan-

322 2275 420 2318 dosi
443 2290 528 2318 con
552 2290 641 2317 una
663 2273 793 2329 copia
815 2273 859 2315 di
887 2274 1011 2316 detta
1032 2271 1150 2323 lista,
1176 2285 1248 2314 me
1270 2287 1328 2315 ne
1350 2271 1501 2315 mandi
1524 2274 1602 2314 un’
1627 2274 1753 2317 altra.
1782 2276 1958 2317 Perche

322 2368 372 2397 se
394 2353 482 2395 ben
505 2365 635 2407 spero
660 2352 744 2393 che
765 2352 823 2393 N.
851 2349 1045 2405 Signore
1067 2349 1109 2392 le
1132 2348 1238 2391 darii
1261 2348 1403 2404 lunga
1426 2348 1520 2391 uita
1541 2364 1622 2404 per
1644 2364 1725 2393 sua
1749 2351 1956 2407 maggior

324 2429 468 2484 gloria
505 2435 551 2470 et
581 2427 726 2469 utilita
759 2427 876 2469 della
909 2425 1207 2482 Compagnia,
1244 2431 1289 2468 et
1322 2440 1412 2468 non
1445 2425 1602 2468 dubito
1635 2428 1718 2470 che
1757 2429 1957 2483 sapendo

323 2512 485 2562 questo
521 2505 551 2547 il
580 2511 749 2548 rettore
778 2504 851 2547 del
880 2503 1073 2558 collegio
1103 2510 1146 2546 et
1185 2502 1215 2544 il
1254 2502 1530 2557 prouinciale
1567 2503 1683 2547 della
1720 2504 1954 2559 prouincia

323 2585 442 2626 doue
462 2583 506 2626 la
528 2583 585 2625 V.
612 2583 665 2624 R.
693 2583 717 2623 e
740 2595 766 2623 o
789 2582 888 2622 sara
911 2580 1094 2634 quando
1118 2578 1204 2621 Dio
1228 2580 1275 2623 S.
1303 2580 1361 2622 N.
1383 2578 1632 2634 disponessi
1650 2580 1695 2622 di
1716 2581 1789 2633 lei,
1812 2581 1954 2637 ripor-

322 2661 526 2704 rebbono
544 2658 653 2714 ogni
673 2671 778 2700 cosa
794 2656 927 2698 insin’
949 2670 974 2698 a
992 2656 1070 2697 dar
1094 2655 1220 2697 auiso
1243 2671 1268 2697 a
1291 2655 1362 2697 chi
1386 2654 1457 2697 all'
1481 2657 1591 2698 hora
1614 2659 1712 2699 sara
1735 2658 1801 2700 lor
1819 2673 1956 2714 supe-

322 2736 456 2789 riore,
490 2734 684 2778 tuttauia
713 2734 877 2789 perche
907 2747 992 2774 con
1025 2733 1066 2775 le
1095 2731 1333 2774 mutationi
1363 2732 1478 2775 delle
1515 2747 1706 2788 persone
1739 2736 1959 2789 potrebbe

325 2813 481 2857 uenire
502 2828 528 2855 a
551 2827 609 2855 no
632 2809 802 2867 sapersi
826 2816 1003 2864 questo,
1029 2823 1055 2850 o
1074 2822 1183 2850 uero
1200 2823 1225 2850 a
1243 2808 1484 2861 scordarsi,
1505 2809 1629 2851 accio
1647 2810 1691 2852 di
1715 2818 1875 2865 questo
1892 2812 1959 2855 sia

324 2891 515 2945 qualche
545 2887 758 2949 memoria
788 2893 832 2929 et
861 2885 1109 2937 chiarezza,
1151 2890 1194 2928 et
1231 2885 1272 2927 la
1313 2886 1371 2928 V.
1420 2886 1472 2928 R.
1506 2886 1614 2929 resti
1642 2887 1878 2931 sodisfatta
1911 2896 1957 2931 et

393 3057 402 3076 ¹
455 3057 513 3091 Ex
532 3056 719 3101 Regesto,
744 3052 838 3088 Cod.
864 3061 904 3098 33
915 3051 972 3099 j),
993 3050 1060 3086 fol.
1079 3050 1138 3095 46.
1159 3051 1203 3086 In
1223 3051 1408 3096 margine:
1431 3052 1478 3087 P.
1500 3052 1664 3089 Natale.
