2101 3348
801 222 1021 258 APPENDIX
1606 228 1677 266 779

82 322 241 367 sertim
266 337 321 367 ex
344 322 486 367 literis
510 325 562 367 P.
585 323 829 367 visitatoris
851 331 896 367 et
918 323 1033 368 Rmi.
1055 323 1223 367 domini
1241 322 1570 379 herbipolensis
1590 323 1618 365 ¹.
1640 321 1726 365 Di-

88 397 188 426 cam
213 389 257 426 et
281 396 369 438 ego
391 383 560 438 aliquid
583 383 628 425 in
651 391 856 440 separato
886 383 1068 439 scripto.

179 442 315 496 Quod
338 442 394 484 ad
416 457 580 485 nouam
603 443 915 487 difficultatem
938 443 1068 486 nobis
1089 441 1318 495 iniectam,
1344 455 1401 484 ne
1428 441 1727 484 absoluantur

89 500 269 555 relapsi,
297 500 474 553 attinet,
508 502 601 544 scio
629 502 863 557 scripsisse
892 504 945 545 Ρ.
977 503 1185 546 Natalem
1214 501 1470 557 diligenter:
1503 499 1659 542 scribit
1680 506 1727 543 et

90 561 246 602 Rmus.
272 561 329 602 D.
357 560 596 603 cardinalis
619 562 632 581 ²
658 561 898 604 invrbem.
921 562 1017 604 Nec
1039 561 1214 615 dubito,
1240 561 1349 616 quin
1380 562 1432 603 P.
1465 561 1522 603 V.
1555 557 1723 600 intelli-

89 626 170 675 gat
197 618 306 660 satis
340 626 558 673 quantum
593 620 776 676 angoris
799 627 844 664 et
873 620 1060 676 periculi
1083 636 1138 664 ex
1159 622 1246 663 hac
1280 620 1545 662 difficultate
1574 617 1722 662 redire

88 677 230 733 possit
252 679 308 720 ad
330 685 510 721 nostros
532 679 847 731 confessarios,
869 679 1033 734 quibus
1051 687 1141 722 tam
1161 680 1373 734 frequens
1392 692 1523 721 casus
1540 677 1596 721 de
1612 679 1724 720 hae-

86 737 171 780 resi
196 738 316 792 apud
339 751 581 793 germanos
604 739 855 781 occurrit...
883 740 1018 782 Certe
1040 754 1250 795 magnam
1268 738 1497 793 capiemus
1515 737 1725 779 consola—

87 796 271 848 tionem,
298 810 401 838 cum
427 796 617 852 primum
657 798 929 853 accipiemus
953 799 1036 840 hac
1059 798 1105 840 in
1133 805 1260 854 parte
1283 796 1448 840 nostris
1482 811 1582 840 esse
1611 809 1722 838 con-v

86 869 282 907 cessum,
309 856 429 910 quod
452 857 509 898 ob
539 856 694 899 anxias
724 864 899 899 tantum
928 857 1228 901 conscientias
1256 857 1479 899 iuuandas
1508 854 1721 910 petimus.

86 916 181 957 Nec
204 914 261 957 sit
284 929 408 957 mora
430 929 600 970 quaeso
623 915 668 957 in
692 917 885 970 petenda
908 917 1108 971 gratia...
1134 916 1348 972 Dilingae
1366 915 1543 957 sublata
1563 914 1717 957 uiden-

86 981 160 1016 tur
181 974 516 1029 impedimenta,
543 989 658 1030 quae
685 978 735 1017 P.
762 976 938 1031 Gaspar
961 977 974 996 ³
1000 983 1045 1018 et
1061 978 1118 1018 D.
1146 977 1314 1019 Torrez
1332 976 1346 995 4
1371 979 1718 1016 annotauerant.

86 1034 224 1077 Suam
247 1033 365 1076 enim
388 1049 569 1089 operam
592 1034 862 1090 interposuit
885 1036 937 1077 P.
964 1035 1152 1086 Natalis,
1180 1042 1224 1078 et
1255 1033 1510 1076 ministrum
1539 1032 1629 1074 illic
1651 1032 1722 1074 in—

87 1092 234 1135 stituit
258 1095 310 1135 P.
341 1093 593 1149 Georgium
624 1095 655 1145 ⁵,
687 1093 764 1148 qui
792 1093 925 1136 simul
954 1094 1102 1137 studia
1120 1107 1463 1148 nonnumquam
1493 1098 1654 1135 tractet
1677 1097 1723 1135 et

87 1152 293 1194 absoluat
330 1167 475 1208 usque
511 1153 569 1195 ad
599 1154 790 1209 gradum
820 1154 999 1196 futurae
1028 1153 1347 1209 promotionis,
1370 1152 1407 1194 si
1442 1153 1494 1194 Ρ.
1529 1153 1584 1195 V.
1618 1165 1725 1206 per-

89 1211 287 1254 mittat...

824 1325 978 1368 XXXI

628 1414 672 1449 B.
700 1413 902 1449 PETRUS
929 1412 1174 1449 CANISIUS

447 1504 661 1534 SANCTO
709 1505 1023 1535 FRANCISCO
1072 1505 1141 1534 DE
1191 1504 1366 1543 BORJA

486 1581 744 1636 Augustae,
778 1593 828 1634 14
851 1579 1116 1623 Decembris
1146 1580 1257 1634 1566
1279 1582 1311 1622 ⁶.

631 1669 691 1704 De
710 1669 876 1716 collegio
894 1668 1158 1715 herbipolensi
1166 1694 1175 1704 .

180 1746 303 1790 Nihil
339 1746 498 1789 dubito
534 1746 621 1788 iam
660 1747 809 1790 isthuc
847 1760 946 1790 esse
983 1746 1302 1802 perscriptum,
1346 1747 1396 1787 Ρ.
1444 1744 1722 1787 visitatorem

90 1807 149 1849 D.
177 1807 402 1858 Natalem,
430 1808 479 1849 Ρ.
504 1806 723 1850 Ximenez
746 1814 791 1850 et
813 1821 884 1849 me
906 1806 1039 1849 simul
1062 1820 1163 1849 esse
1185 1805 1424 1861 profectos
1455 1804 1511 1846 ad
1540 1805 1720 1846 Rmum.

92 1864 454 1921 herbipolensem
482 1868 512 1917 ⁷,
538 1881 564 1908 a
586 1880 674 1920 quo
697 1865 955 1909 humaniter
977 1864 1158 1920 quidem
1181 1879 1338 1907 sumus
1360 1878 1519 1906 omnes
1543 1863 1722 1918 accepti

90 1931 228 1979 atque
249 1924 433 1967 dimissi.
462 1924 539 1967 Bis
562 1938 650 1980 ego
673 1939 772 1967 sum
795 1924 857 1966 illi
880 1924 1190 1974 concionatus,
1217 1923 1262 1965 in
1286 1936 1390 1966 arce
1408 1921 1619 1964 nimirum
1639 1936 1720 1964 co—

90 1998 183 2026 ram
207 1984 380 2035 aulicis,
402 1991 446 2027 et
464 1983 509 2026 in
529 1984 718 2027 ecclesia
735 1984 995 2026 cathedrali.
1019 1986 1088 2026 De
1106 1982 1300 2038 collegio
1318 1981 1637 2036 herbipolensi,
1659 1997 1718 2024 an

89 2049 134 2085 et
155 2044 382 2098 quomodo
405 2043 731 2086 instituendum
755 2043 865 2085 illud
888 2050 1022 2094 esset,
1048 2041 1292 2098 praecipua
1314 2056 1422 2084 cura
1451 2040 1581 2082 nobis
1613 2040 1717 2092 fuit,

90 2109 135 2145 et
157 2103 370 2157 frequens
393 2116 495 2145 cum
519 2103 677 2144 eodem
701 2104 829 2145 Rmo.
857 2102 1043 2157 eiusque
1060 2101 1328 2144 cancellario
1348 2099 1556 2142 tractatio
1575 2099 1722 2143 inter—

94 2161 245 2205 cessit.
275 2164 323 2204 Ρ.
351 2161 522 2204 Natalis
546 2161 762 2205 rationem
788 2161 980 2204 instituti
1009 2161 1149 2204 nostri
1173 2175 1263 2203 non
1287 2160 1433 2202 solum
1468 2158 1717 2214 proposuit,

93 2220 171 2262 sed
194 2220 327 2263 etiarn
353 2221 464 2263 ursit
486 2220 743 2277 diligenter.
778 2222 834 2263 Et
862 2235 1029 2276 graues
1058 2219 1239 2275 quidem
1275 2233 1439 2262 causae
1469 2219 1722 2262 offerebant

94 2294 208 2331 sese,
234 2294 314 2322 cur
337 2287 600 2335 putaremus
623 2281 791 2323 bonum
814 2280 1076 2335 episcopum
1100 2294 1182 2322 sua
1204 2293 1283 2334 spe
1304 2285 1349 2320 et
1367 2286 1490 2321 certa
1508 2285 1722 2332 expecta-

95 2338 216 2381 tione
244 2340 301 2382 de
329 2339 458 2381 nobis
487 2347 726 2395 concepta,
762 2339 1006 2394 multisque
1038 2339 1167 2382 annis
1199 2339 1482 2387 confirmata,
1519 2343 1621 2392 post
1655 2343 1721 2378 tot

94 2404 332 2453 tantosque
354 2406 561 2453 sumptus
584 2399 629 2440 in
652 2398 833 2454 collegii
851 2406 896 2442 et
913 2399 1096 2442 scholae
1114 2404 1385 2441 structuram
1405 2397 1609 2447 collatos,
1631 2396 1719 2437 mi—

95 2457 213 2499 nime
243 2459 552 2500 frustrandum
585 2473 698 2501 esse.
743 2459 945 2501 Tandem
983 2457 1124 2513 igitur
1157 2465 1346 2501 uentum
1380 2463 1448 2498 est
1482 2456 1538 2497 ad
1570 2462 1721 2498 certos

93 2515 321 2568 articulos,
356 2517 521 2572 quibus
549 2518 691 2561 ueluti
715 2533 892 2560 summa
915 2518 1052 2560 totius
1075 2516 1251 2572 negotii
1272 2516 1328 2558 de
1351 2515 1601 2565 fundando,
1638 2515 1721 2556 do-

95 2576 230 2618 tando
252 2582 297 2618 et
319 2576 573 2619 inchoando
595 2577 788 2633 collegio
810 2576 1285 2632 comprehenderetur,
1309 2582 1357 2617 ut
1376 2574 1590 2628 utrinque
1609 2588 1719 2615 con—

92 2640 247 2686 staret,
274 2642 364 2677 tam
387 2651 443 2679 ex
466 2636 601 2688 Rmi.,
634 2651 769 2691 quam
792 2644 946 2679 nostra
967 2643 1110 2692 parte,
1145 2635 1253 2691 quid
1275 2635 1330 2677 ad
1355 2649 1453 2678 eam
1482 2648 1577 2676 rem
1601 2634 1723 2675 facto

162 2770 170 2790 ¹
224 2771 444 2806 Fridericus
463 2784 484 2807 a
510 2772 729 2817 Wirsberg.
993 2776 1007 2795 ²
1059 2772 1154 2809 Otto
1172 2772 1389 2807 Truchsess
1409 2770 1457 2804 de
1478 2769 1718 2813 waldburg.

160 2830 174 2849 ⁵
225 2829 377 2876 Gaspar
394 2831 649 2877 Haywodus.·
995 2834 1009 2853 ⁴
1061 2831 1327 2877 Hieronymus
1346 2830 1505 2864 Torres.

162 2890 177 2910 ⁵
227 2889 365 2924 Bader.
387 2890 486 2925 Vide
506 2902 598 2937 pag.
626 2899 705 2936 159,
727 2897 859 2926 annot.
880 2891 916 2927 3.

163 2948 178 2968 6
228 2948 285 2981 Ex
304 2949 528 2995 archetypo,
549 2950 589 2984 in
607 2950 736 2996 Epist.
761 2949 931 2994 canisii,
952 2951 1000 2994 ΙΙ,
1026 2949 1090 2984 182
1111 2950 1226 2993 (107).
1248 2947 1348 2983 Vide
1367 2958 1455 2994 pag.
1477 2945 1558 2989 3823
1580 2949 1619 2980 et
1636 2953 1726 2988 414.

164 3009 178 3028 '¹
230 3006 450 3042 Fridericus
469 3019 490 3043 a
509 3008 729 3055 Wirsberg.
