2101 3348
293 247 364 288 604
813 241 952 276 E121ST.
980 241 1024 276 P.
1054 239 1253 276 NADAL—
1258 239 1327 286 523

240 347 300 389 Se
323 344 571 388 realmente
594 341 625 383 li
649 341 812 385 medici
835 340 1029 384 diranno
1050 342 1137 384 che
1169 355 1260 384 non
1289 343 1381 397 puo
1410 342 1577 384 andare
1602 355 1744 385 -senza
1775 339 1895 396 peri-

238 422 340 463 0010
363 420 507 470 (10110,
534 418 581 460 in
604 418 666 461 tal
688 433 794 461 caso
818 417 1008 461 scriuesi
1035 425 1056 445 a
1075 432 1166 461 una
1192 419 1357 462 lettera
1386 419 1427 462 al
1458 420 1510 461 Ρ.
1537 417 1784 461 Francisco
1807 418 1897 462 So-

240 497 323 540 lier
337 497 374 548 1),
401 494 787 551 viceprouinciale
810 494 857 537 in
881 494 1087 547 Polonia,
1113 496 1198 538 che
1221 509 1314 538 non
1332 510 1380 538 se
1399 495 1566 538 manda
1583 509 1665 550 per
1683 493 1893 551 giudicar

240 574 271 616 li
293 571 456 616 medici
479 573 565 615 che
589 586 681 614 non
699 571 737 614 si
758 586 909 628 possa,
931 578 977 616 et
993 573 1079 616 che
1097 572 1280 627 quando
1298 572 1340 615 la
1357 571 1505 614 sanita
1522 572 1566 614 lo
1584 572 1887 627 comportara,

243 652 329 693 che
353 649 390 692 si
414 648 647 692 mandara.

333 738 373 780 7.
440 727 571 769 Della
594 725 835 768 fundation
858 725 904 768 di
927 726 1174 782 Lugduno,
1202 733 1248 770 et
1270 726 1315 768 di
1339 726 1542 768 chiamar
1564 724 1596 767 il
1619 726 1672 768 Ρ.
1699 724 1894 768 Claudio

244 804 447 847 Matteo¹
479 818 560 859 per
594 802 772 858 Parigi,
806 802 976 859 meglio
1006 805 1138 858 potra
1165 802 1373 859 giudicar
1403 804 1460 846 V.
1487 804 1562 854 R.,
1589 801 1773 857 quando
1796 803 1897 844 sara

245 887 475 937 presente,
502 888 548 923 et
571 879 744 924 hauera
767 879 874 922 uisti
895 879 926 921 li
948 879 1131 936 bisogni
1154 879 1199 922 di
1222 881 1372 935 quella
1395 879 1638 936 prouintia.

335 959 377 1001 8.
442 958 531 1002 Del
560 957 675 1000 libro
704 958 777 1001 del
808 960 861 1001 P.
895 959 1077 1010 Torres‚
1110 957 1185 1014 gia
1216 957 1254 1000 si
1283 958 1306 1001 ὲ
1334 957 1491 1001 scritto
1514 957 1601 1000 01ιο
1630 955 1667 998 si
1696 969 1896 1012 possano

245 1036 462 1080 emendar
484 1036 527 1079 10
550 1048 656 1077 cose
681 1036 767 1077 che
790 1048 1043 1090 pareranno
1067 1049 1092 1077 a
1116 1036 1172 1078 V.
1200 1036 1254 1077 R.
1282 1035 1314 1077 ².

333 1128 375 1168 9.
443 1111 572 1156 Hieri
595 1118 732 1156 stette
751 1111 827 1167 qui
846 1112 965 1155 nella
981 1110 1136 1167 piazza
1155 1112 1168 1132 ³
1193 1110 1224 1153 il
1241 1111 1470 1155 cardinale
1487 1111 1523 1153 F
1526 1109 1704 1154 arnesio
1722 1109 1793 1152 001
1811 1122 1896 1151 suo

247 1188 498 1231 architecto
521 1195 566 1231 et
589 1187 715 1230 molti
739 1188 936 1241 romani,
962 1195 1007 1231 et
1029 1187 1072 1231 io
1096 1202 1263 1230 ancora
1285 1187 1345 1229 mi
1376 1187 1521 1230 trouai
1550 1201 1630 1243 per
1653 1185 1895 1229 rissoluere

243 1264 271 1308 Γ
298 1265 455 1307 vltimo
478 1264 698 1321 dissegno
722 1266 840 1308 della
862 1264 1031 1309 chiesa.
1060 1266 1117 1307 Et
1134 1265 1322 1308 intendo
1339 1266 1397 1307 ha
1416 1270 1696 1319 consegnato
1714 1269 1895 1319 quattro

249 1342 355 1385 mila
376 1342 522 1394 solidi,
551 1357 578 1384 0
600 1341 692 1397 pisi,
719 1357 799 1398 per
820 1341 1126 1398 principiarla.
1149 1343 1205 1384 Et
1223 1356 1309 1384 con
1328 1343 1470 1384 hauer
1487 1355 1620 1397 preso
1638 1339 1713 1382 noi
1733 1341 1775 1383 la
1792 1353 1897 1382 casa

250 1419 357 1462 dell'
383 1419 562 1473 Altieri,
590 1420 855 1463 hauerenno
875 1426 893 1446 0
914 1419 945 1461 il
966 1419 1054 1462 sito
1076 1418 1153 1475 piti
1183 1419 1436 1461 commodo.
1464 1418 1519 1461 Ci
1541 1419 1600 1460 ha
1623 1430 1844 1461 concesso
1868 1416 1898 1458 il

247 1511 365 1552 papa
389 1496 537 1551 questi
556 1496 704 1552 giomi
721 1497 884 1540 alcune
901 1496 1063 1552 gratie;
1084 1504 1129 1539 et
1148 1497 1214 1539 fra
1232 1496 1397 1550 quelle,
1419 1502 1538 1539 tutte
1560 1495 1591 1536 l'
1611 1493 1898 1550 indulgentie

249 1574 337 1617 che
358 1575 512 1615 hanno
534 1573 564 1614 li
587 1572 787 1628 religiosi
810 1572 1087 1617 mendicanti
1109 1580 1219 1626 etc.,
1245 1574 1332 1615 che
1355 1572 1378 1615 ὲ
1401 1587 1462 1615 vn
1487 1578 1636 1615 tesoro
1667 1571 1842 1626 grande
1862 1570 1894 1612 ¹⁴.

248 1651 296 1692 Io
319 1657 389 1692 sto
419 1649 587 1706 meglio
615 1650 734 1692 della
762 1650 987 1706 podagra,
1013 1650 1189 1693 benche
1223 1664 1314 1692 non
1347 1649 1421 1691 dal
1451 1655 1572 1691 tutto
1604 1647 1762 1700 libero,
1789 1654 1836 1690 et
1858 1646 1899 1688 ci

247 1726 642 1770 raccomandiamo
665 1727 805 1770 molto
828 1726 901 1769 alli
932 1726 1141 1770 sacrificii
1170 1726 1216 1769 di
1240 1728 1296 1770 V.
1325 1728 1378 1769 R.
1407 1733 1452 1770 et
1480 1725 1542 1768 dil
1573 1727 1626 1769 P.
1653 1724 1892 1768 Ximenez.
1923 1730 1926 1734 '

248 1803 307 1847 Di
331 1806 488 1856 Roma,
515 1804 556 1846 al
579 1804 625 1846 (11
656 1816 671 1847 Ι
699 1803 744 1846 di
766 1804 957 1860 Giugno
985 1805 1110 1858 1568.

321 1960 342 1979 a
380 1952 445 1987 Sic
470 1963 538 1998 pro
564 1952 825 1987 scriuasi.—b
841 1951 921 1996 Sic,
946 1963 1015 1998 pro
1041 1952 1192 1987 Snnier
1216 1951 1469 1998 (Sunye).-c
1488 1950 1566 1994 Sic,
1595 1961 1664 1997 pro
1687 1950 1897 1993 lzavrenw,

245 2022 326 2057 Jarn
345 2022 523 2046 avremo.

323 2149 333 2168 ¹
383 2146 478 2192 Ejus
497 2158 664 2181 examen
683 2146 774 2182 vide
794 2146 833 2182 in
860 2147 983 2194 Epist.
1005 2146 1162 2189 Natal.,
1183 2148 1236 2193 ΙΙ,
1256 2147 1337 2192 546.
1359 2147 1404 2182 In
1429 2147 1609 2192 catalogo
1633 2144 1794 2191 collegii
1819 2150 1898 2180 tur-

251 2206 453 2248 nonensis‚
476 2216 578 2240 anno
607 2206 697 2250 1566
722 2206 882 2252 scripto,
910 2207 1008 2242 haec
1037 2206 1086 2241 de
1119 2205 1286 2242 Claudio
1317 2206 1579 2252 reperiuntur:
1614 2205 1681 2239 «P.
1711 2203 1900 2239 Claudius

250 2265 485 2310 Matthaeus,
509 2265 712 2309 ingressus
731 2276 832 2300 anno
854 2265 958 2311 1558,
979 2265 1111 2301 emisit
1137 2277 1214 2300 non
1242 2266 1365 2300 multo
1383 2270 1471 2311 post
1498 2269 1601 2299 votat
1623 2268 1738 2298 natus
1756 2267 1817 2297 est
1835 2274 1902 2297 an·

250 2334 321 2358 nos
346 2323 403 2357 28:
438 2329 497 2358 est
529 2323 688 2359 natione
719 2324 976 2370 lotharinguS‚
1012 2330 1140 2360 rector
1166 2324 1325 2370 collegii
1353 2323 1616 2368 tornonensis,
1647 2321 1900 2357 concionator

254 2382 457 2417 idoneus.»

321 2444 335 2463 2
388 2440 490 2475 Vide
509 2440 624 2486 epist.
647 2449 732 2487 521,
751 2453 788 2476 n.
811 2451 845 2476 2.

322 2502 336 2521 ⁵
387 2501 529 2535 Forum
550 2501 802 2536 Alteriorum.
825 2500 925 2536 Vide
944 2501 1049 2536 illius
1069 2501 1389 2547 ichnographiam
1408 2511 1430 2535 a
1448 2499 1630 2535 Bufalino
1645 2498 1899 2545 descriptam,

250 2558 354 2605 apud
368 2559 535 2593 TACCHI
550 2559 759 2600 VENTUR1‚
783 2559 834 2594 Le
852 2571 938 2594 case
957 2560 1105 2595 abitate
1124 2560 1168 2594 in
1188 2560 1318 2594 Roma
1336 2560 1387 2594 da
1416 2559 1456 2594 S.
1485 2558 1653 2605 Ignazio
1676 2558 1719 2592 di
1747 2557 1901 2602 Loiola,

250 2617 301 2653 ad
318 2619 466 2653 calcem
485 2616 589 2662 libri,
606 2623 708 2652 «tav.
731 2618 824 2652 IV».

323 2679 338 2699 ⁴
389 2676 491 2711 Vide
511 2676 627 2723 epist.
650 2685 733 2721 521,
754 2689 791 2711 n.
813 2675 848 2710 3.
