2101 3348
801 229 1023 264 APPEme
1604 227 1675 272 783

78 333 166 376 nisi
188 332 413 387 completo
443 345 526 374 suo
554 345 759 374 numero.
793 329 882 373 Vbi
916 343 1134 373 numerus
1167 328 1348 386 collegii
1380 328 1719 373 monachiensis

80 393 165 436 erit
189 392 418 447 impletus,
444 397 490 433 et
512 390 701 433 aliorum
729 404 821 431 non
848 389 948 441 erit,
974 390 1069 432 sola
1091 404 1143 432 ea
1172 389 1381 445 collegia,
1408 402 1599 443 quorum
1629 404 1718 431 nu—

84 466 237 495 merus
264 465 357 492 non
386 450 470 492 erit
497 449 726 505 impletus,
762 448 1051 491 contribuerit
1078 450 1135 491 ad
1172 448 1385 500 nouitios,
1426 447 1502 502 qui
1541 449 1720 491 alentur

85 517 264 567 praeter
286 523 525 551 numerum
550 507 791 560 Monachii,
813 507 1060 562 aequaliter
1082 508 1280 563 quidem,
1307 508 1345 550 si
1367 507 1614 562 aequaliter
1637 522 1719 550 sua

86 568 374 626 proportione
397 568 565 610 distent
589 583 614 610 a
637 568 860 622 completo
882 581 1086 620 numero;
1112 567 1408 622 inaequaliter
1434 581 1561 619 uero,
1586 566 1622 609 si
1646 566 1718 609 in-

86 627 347 683 aequaliter.
370 628 507 682 Quod
524 628 611 669 hoc
633 628 838 681 exemplo
855 627 932 668 fiet
955 626 1167 682 apertius.
1190 628 1364 669 Domus
1386 633 1658 681 augustana,
1679 626 1719 669 si

87 695 263 732 tantum
282 688 372 729 alat
389 693 507 737 octo,
529 693 574 727 et
590 686 832 741 collegium
851 685 1203 741 oenipontanum
1223 698 1294 738 20,
1316 693 1360 729 et
1383 685 1624 741 collegium
1648 685 1718 728 di-

87 747 323 803 linganum
362 757 434 799 23,
473 752 689 800 poterunt
725 744 913 787 iudicari
950 745 1196 799 aequaliter
1231 745 1398 787 distare
1430 760 1456 787 a
1493 746 1719 800 completo

85 820 290 848 numero:
316 812 361 847 et
383 804 460 855 ita,
487 804 735 858 aequaliter
756 805 925 847 debent
947 804 1252 847 contribuere.
1275 804 1323 848 Si
1346 803 1494 859 aliqua
1517 804 1574 846 sit
1591 805 1719 848 inae-

86 865 293 920 qualitas,
320 863 618 919 inaequaliter
645 863 949 905 contribuent.
989 864 1116 907 Haec
1149 878 1259 908 uero
1291 862 1607 918 inaequalitas,
1643 864 1719 907 uel

87 924 350 980 aequalitas,
377 922 639 967 censebitur
661 937 686 964 a
708 921 1001 977 prouinciale.

176 984 314 1039 Quod
335 981 372 1025 si
395 984 507 1025 haec
530 981 643 1024 ratio
665 981 874 1025 videatur
896 980 1104 1032 difficilis,
1132 981 1216 1023 alia
1239 981 1416 1025 ineatur
1438 983 1644 1038 simplex,
1670 989 1719 1023 vt

87 1042 336 1097 aequaliter
358 1041 649 1084 contribuant
673 1040 821 1083 omnia
844 1039 1050 1095 collegia,
1078 1054 1193 1094 quae
1215 1041 1435 1084 deficiunt
1452 1058 1477 1085 a
1495 1042 1720 1096 completo

90 1116 294 1145 numero.
315 1100 498 1158 Judicet
522 1115 630 1144 uero
653 1115 744 1142 non
764 1107 854 1142 tam
873 1099 1138 1154 scrupulose
1156 1100 1460 1155 prouincialis,
1482 1102 1518 1144 si
1536 1100 1719 1155 aliquod

90 1161 351 1217 collegium,
378 1162 500 1215 quod
521 1159 702 1215 longius
725 1159 862 1202 distat
884 1174 909 1202 a
932 1159 1155 1213 completo
1179 1162 1510 1216 numero,‘plus
1534 1160 1590 1202 sit
1608 1174 1720 1202 con-

94 1221 361 1271 tributurus,
389 1221 510 1274 quod
535 1234 641 1263 uero
664 1234 821 1275 parum
844 1218 995 1269 distet,
1021 1217 1185 1260 minus.
1213 1220 1316 1261 Non
1348 1220 1526 1262 videtur
1558 1233 1716 1262 neces-

91 1295 208 1331 sum,
231 1287 280 1321 ut
299 1287 473 1321 tantum
497 1278 811 1321 contribuatur
828 1293 908 1333 pro
932 1278 1092 1320 alendo
1113 1292 1203 1319 vno
1221 1278 1393 1320 nouitio
1413 1279 1622 1322 Monachi
1638 1285 1658 1305 a
1673 1278 1716 1320 in

92 1354 139 1382 re
160 1338 398 1394 praesenti,
420 1345 639 1393 quantum
659 1353 738 1393 pro
758 1352 846 1379 vno
868 1336 1136 1379 scholastico
1155 1338 1314 1379 alendo
1333 1339 1445 1381 solet
1464 1337 1655 1393 expendi
1673 1337 1718 1379 in

91 1398 299 1454 collegio.
326 1399 447 1441 ldem
474 1397 761 1452 prouincialis
785 1396 987 1440 censebit
1009 1396 1309 1451 particularia.
1337 1397 1384 1440 Si
1413 1406 1531 1440 esset
1560 1412 1719 1440 nume-

92 1473 168 1500 rus
189 1458 234 1499 in
258 1458 467 1499 omnibus
491 1457 695 1511 collegiis
719 1457 986 1511 completus,
1013 1457 1190 1498 alentur
1218 1456 1377 1498 nouitii
1407 1455 1635 1499 Monachii
1666 1471 1721 1499 ex

91 1517 426 1560 contributione
445 1515 644 1558 omnium
663 1515 973 1571 collegiorum.
996 1516 1051 1556 Et
1074 1515 1119 1557 in
1142 1530 1195 1557 eo
1216 1530 1366 1558 rerum
1390 1523 1576 1566 euentu,
1597 1515 1721 1557 iuxta

92 1576 313 1620 rationem
337 1575 699 1626 contributionis,
726 1575 962 1630 pauciores
989 1575 1110 1616 alent
1139 1575 1330 1630 collegia
1353 1590 1487 1629 quam
1517 1576 1722 1617 solebant

93 1650 148 1679 ex
172 1636 240 1688 iis,
267 1636 344 1690 qui
366 1650 456 1677 non
480 1642 614 1678 erunt
635 1634 877 1678 necessarii
902 1634 948 1676 in
970 1633 1179 1689 collegio.
1214 1635 1288 1676 Ad
1317 1648 1451 1689 quem
1483 1647 1721 1676 numerum

94 1695 450 1738 necessariorum
490 1694 526 1736 si
555 1694 778 1746 venirent,
811 1694 924 1735 nihil
952 1694 1145 1736 soluent.
1182 1693 1381 1736 Definiat
1414 1693 1718 1749 prouincialis,

95 1769 197 1797 cum
218 1754 410 1809 primum
428 1754 603 1797 Venerit
622 1753 928 1804 Monachium,
948 1767 1187 1796 numerum
1205 1753 1503 1804 nouiciorum,
1526 1753 1603 1807 qui
1620 1767 1724 1808 pos—

97 1814 186 1857 sint
208 1813 412 1856 habitare
435 1813 481 1855 in
503 1813 578 1856 illo
602 1813 809 1869 collegio,
836 1820 881 1855 et
909 1827 1011 1855 cum
1042 1813 1097 1854 ad
1127 1827 1230 1855 eum
1260 1827 1498 1856 numerum
1529 1826 1723 1867 peruen-

97 1882 193 1916 tum
217 1874 316 1924 erit,
352 1872 590 1915 mittentur
619 1873 691 1914 alii
724 1872 883 1915 nouitii
918 1873 1105 1914 Romam
1139 1873 1195 1914 ad
1230 1874 1410 1914 Patrem
1444 1872 1719 1927 generalem.

95 1933 217 1976 Idem
247 1932 563 1975 obseruabitur
591 1933 647 1974 de
678 1931 780 1984 illis,
813 1931 977 1986 quibus
1006 1932 1280 1973 leuabuntur
1308 1931 1500 1986 collegia
1522 1946 1601 1986 pro
1623 1945 1725 1973 sus-

96 1991 344 2035 tentatione
374 1991 665 2034 nouitiorum.
698 1993 814 2034 Nam
843 1991 889 2033 hi
918 1993 1105 2033 Romam
1128 1990 1262 2032 etiam
1286 1990 1540 2043 mittentur3
1575 1991 1726 2032 nullus

96 2059 245 2094 tamen
269 2053 457 2094 Romam
479 2051 702 2103 mittetur,
722 2050 807 2093 nisi
826 2050 950 2105 prius
968 2064 1217 2093 consensus
1238 2050 1383 2093 Patris
1401 2049 1626 2105 generalis
1644 2051 1727 2091 ha-

93 2110 269 2162 beatur,
297 2125 432 2165 quem
449 2110 625 2152 curabit
644 2109 937 2166 prouincialis
954 2110 1122 2151 habere
1139 2117 1382 2164 antequam
1401 2110 1447 2152 in
1465 2124 1568 2153 eum
1589 2124 1727 2153 euen-

96 2177 190 2212 tum
213 2177 443 2213 veniatur.

184 2230 241 2270 In
264 2233 429 2284 quarta.
451 2228 648 2284 pagina,
670 2229 880 2284 simenez
909 2242 1066 2269 manu:
1105 2229 1135 2283 ἢ·
1172 2229 1242 2270 De
1264 2227 1436 2270 ratione
1465 2227 1614 2270 alendi
1643 2241 1729 2269 no-

96 2287 246 2330 uitios.
289 2289 482 2330 Polcmcz'
524 2302 682 2329 manu:
725 2288 767 2330 A
811 2295 970 2342 questo
1012 2287 1049 2330 si
1093 2287 1115 2330 e
1158 2286 1377 2343 prouisto.
1422 2288 1529 2330 Alia
1571 2301 1729 2329 manu:

97 2348 150 2391 C.
178 2362 221 2404 p.
243 2364 282 2391 e.
309 2362 368 2390 m.
403 2347 449 2403 ’ξπ

171 2498 192 2519 ⁸
233 2492 311 2537 Sic,
330 2502 398 2537 pro
422 2491 638 2529 Monachii.
