2101 3348
393 236 464 281 780
968 237 1105 271 EPIST.
1134 236 1176 270 P.
1206 236 1361 272 NADAL

341 351 457 392 opus
479 345 616 381 esset.
657 338 808 392 Quam
838 339 1060 380 summam
1093 339 1144 380 Ρ.
1177 337 1351 381 Natalis
1389 337 1447 380 ad
1482 338 1595 379 haec
1633 336 1789 380 referri
1827 337 1978 394 capita

347 410 509 451 passus
532 403 656 440 est...

1076 510 1250 551 XXXII

866 597 908 634 P.
929 597 1192 633 EMERICUS
1221 596 1455 634 FORSLER

717 689 932 719 SANCTO
972 689 1285 719 FRANCISCO
1325 690 1394 718 DE
1434 690 1610 729 BORJA

837 764 1152 817 Vindobonae,
1177 779 1297 807 anno
1326 765 1436 818 1566
1465 767 1491 807 ¹.

552 852 726 888 Litterae
744 866 921 889 annuae.
942 853 1104 888 Natalis
1123 853 1337 901 collegium
1366 854 1616 889 Vindobonae
1636 853 1791 892 invisit.

514 930 589 972 Ad
612 931 730 972 hanc
753 946 847 974 rem
870 929 946 988 [sc.
972 931 1156 986 spiritus
1180 931 1419 988 fervorem]
1450 931 1643 975 maxime
1675 930 1842 986 profuit
1873 931 1974 974 Rdi.

342 989 400 1029 P.
438 989 611 1031 Natalis
643 991 884 1033 aduentus.
918 992 959 1033 Is
992 990 1111 1033 enim
1142 997 1187 1034 et
1219 991 1528 1033 confessiones
1558 998 1602 1034 et
1636 999 1742 1033 uota
1777 990 1978 1033 omnium

346 1054 441 1088 tum
467 1050 670 1100 Patruzn,
698 1056 792 1092 tum
818 1051 1014 1092 fratrum*
1032 1049 1222 1105 excepit;
1250 1050 1585 1093 exhortationes
1610 1050 1871 1104 frequentes
1894 1052 1977 1093 ha-

346 1106 460 1158 buit,
502 1108 786 1163 optimasque
814 1110 870 1151 de
903 1109 1142 1153 Societatis
1175 1109 1382 1152 instituto
1421 1109 1600 1163 reliquit
1631 1109 1973 1152 instructiones.

344 1165 468 1209 Idem
491 1166 686 1209 instituit
717 1176 765 1210 ut
790 1177 856 1211 ter
884 1168 931 1210 in
959 1169 1241 1211 hebdomada
1264 1183 1317 1211 eo
1352 1176 1567 1224 tempore,
1594 1183 1683 1223 quo
1706 1168 1976 1212 recreationi

344 1239 508 1269 uacare
532 1227 744 1279 solemus,
771 1228 827 1270 de
850 1227 1112 1281 uirtutibus,
1139 1229 1195 1272 de
1221 1227 1356 1279 uitiis,
1383 1229 1438 1271 de
1468 1228 1770 1282 abnegatione
1801 1227 1887 1279 sui,
1920 1228 1977 1271 de

347 1284 534 1339 spiritali
559 1287 778 1341 profectu,
801 1294 936 1341 atque
958 1287 1003 1328 id
1027 1302 1173 1342 genus
1197 1287 1294 1330 aliis
1317 1289 1469 1338 rebus,
1497 1294 1540 1331 et
1568 1289 1725 1330 Patres
1747 1294 1792 1330 et
1815 1288 1977 1330 fratres

350 1343 482 1385 simul
505 1346 777 1397 conferrent,
809 1361 896 1388 uno
924 1347 981 1390 de
1013 1346 1223 1389 Patribus
1253 1347 1358 1389 huic
1391 1346 1579 1402 negotio
1613 1361 1692 1401 per
1726 1347 1978 1389 hebdoma-

350 1403 453 1445 dam
476 1406 720 1458 praefecto‚
748 1406 824 1459 qui
847 1414 892 1447 et
920 1406 1028 1460 quid
1058 1407 1196 1449 uellet
1218 1413 1263 1449 et
1286 1421 1311 1448 a
1345 1407 1509 1460 quibus
1542 1407 1696 1456 uellet,
1730 1405 1978 1448 circumse-

350 1462 564 1505 dentibus
588 1463 632 1506 in
658 1478 840 1518 corona,
862 1464 1179 1507 sciscitaretur.
1201 1467 1332 1520 Quae
1351 1481 1421 1509 res
1440 1465 1650 1520 quoniam
1677 1465 1859 1508 toeIices
1878 1479 1982 1520 pro-

351 1536 537 1577 gressus
561 1524 711 1574 habet,
739 1539 949 1579 magnam
973 1524 1182 1567 omnibus
1205 1526 1351 1568 adfert
1374 1532 1417 1566 et
1444 1524 1680 1567 utilitatem
1706 1531 1749 1567 et
1766 1525 1981 1579 uolupta—

352 1588 458 1624 tem.
488 1582 728 1624 Ordinauit
749 1592 995 1638 praeterea,
1017 1591 1066 1625 ut
1088 1584 1284 1639 uesperi,
1308 1591 1406 1639 post
1429 1583 1606 1626 litanias
1629 1583 1857 1634 recitatas,
1880 1583 1981 1638 qui—

349 1640 452 1682 dam
476 1656 524 1684 se
546 1643 700 1697 flagris
724 1643 964 1686 caederent
988 1658 1111 1686 more
1135 1650 1179 1687 et
1202 1643 1531 1686 consuetudine
1550 1642 1807 1695 Societatis;
1830 1657 1979 1698 neque

348 1699 549 1755 segniter
571 1716 623 1744 ea
646 1702 690 1744 in
715 1717 760 1744 re
785 1703 924 1745 nostri
947 1718 996 1746 se
1018 1710 1201 1757 gerunt.
1230 1704 1347 1746 Nam
1372 1703 1427 1745 ad
1450 1703 1591 1744 multa
1614 1702 1713 1753 alia,
1747 1716 1863 1756 quae
1895 1716 1978 1743 nos

348 1758 396 1800 in
418 1759 565 1801 officio
588 1761 821 1805 continere
846 1762 1005 1804 merito
1029 1762 1211 1815 debent,
1239 1762 1412 1805 accedit
1430 1762 1563 1804 etiam
1584 1761 1835 1816 periculum
1853 1761 1974 1812 belli,

350 1819 472 1872 quod
493 1818 738 1874 imperator
756 1828 910 1863 noster
928 1835 1030 1863 cum
1050 1828 1282 1863 turcarum
1307 1829 1498 1876 tyranno
1517 1820 1690 1876 gerit...
1714 1822 1785 1872 Et,
1809 1828 1857 1862 ut
1874 1821 1979 1863 bre—

353 1877 467 1921 uiter
495 1880 782 1934 complectar,
810 1895 924 1934 quae
947 1881 1003 1922 de
1026 1882 1139 1923 Rdo.
1174 1883 1224 1923 P.
1263 1881 1411 1923 Natali
1439 1880 1630 1922 dicenda
1662 1887 1785 1931 sunt,
1822 1894 1980 1923 omnes

351 1936 448 1979 uias
471 1939 758 1992 persequitur
781 1940 927 1982 bonus
954 1942 1087 1985 Pater
1115 1939 1216 1991 iste,
1251 1940 1415 1995 quibus
1449 1941 1505 1982 ad
1538 1939 1863 1995 perfectionem
1897 1953 1980 1981 nos

349 1996 557 2039 adiuuari
581 2012 711 2052 posse
735 1999 1063 2042 existimauit...

1077 2113 1271 2154 XXXIII

808 2199 851 2234 P.
881 2198 1261 2236 THEODORICUS
1289 2198 1530 2235 CANISIUS

727 2290 941 2320 SANCTO
979 2291 1293 2320 FRANCISCO
1333 2291 1401 2320 DE
1441 2291 1614 2329 BORJA

992 2368 1128 2409 Anno
1167 2367 1276 2420 1566
1309 2367 1342 2410 ².

466 2452 657 2487 Pericula
676 2456 711 2488 et
730 2454 987 2500 difficultates
1005 2456 1241 2490 missionum
1260 2456 1303 2490 in
1327 2454 1551 2490 Germania
1569 2455 1869 2501 expenduntur.

444 2529 472 2585 η’·
497 2531 632 2573 Iesvs.
662 2531 977 2583 Difficultates‚
1005 2548 1120 2587 quae
1144 2533 1261 2575 circa
1286 2533 1457 2576 indices
1481 2533 1800 2576 mittendorum
1824 2546 1872 2575 se
1901 2545 1988 2574 nc-

353 2588 423 2630 bis
446 2590 641 2631 offerunt
665 2589 710 2632 in
733 2593 817 2633 hac
839 2606 904 2643 re,
932 2593 1048 2635 bene
1070 2592 1446 2635 considerandae:

431 2721 439 2740 ¹
491 2720 548 2753 Ex
572 2718 666 2754 Cod.
687 2720 806 2766 29f}‚
833 2722 932 2763 1(1).
955 2721 1054 2755 Vide
1073 2733 1160 2767 pag.
1183 2720 1265 2756 213.

428 2778 442 2799 ²
492 2779 549 2812 Ex
569 2780 808 2825 autographo
828 2778 885 2823 (ἓν,
909 2780 947 2814 in
969 2780 1095 2826 Epist.
1118 2780 1271 2821 Natal„
1294 2781 1341 2826 ΙΙ,
1362 2779 1476 2815 unico
1491 2780 1572 2821 fol„
1593 2780 1658 2825 169
1676 2780 1789 2823 (162).
1808 2780 1850 2814 P.
1867 2779 1994 2813 Theo-

355 2836 511 2872 doricus
547 2837 741 2879 Canisius‚
777 2839 842 2884 qui
879 2838 985 2873 vices
1020 2839 1270 2884 provinciaiis
1306 2839 1540 2874 Germaniae
1571 2838 1781 2885 superioris
1815 2838 1992 2884 gerebat,

354 2897 521 2931 absente
540 2896 762 2942 provinciae
783 2898 1003 2943 praeposito
1022 2898 1137 2932 Petro
1157 2898 1328 2942 Canisio,
1348 2905 1482 2933 auctor
1500 2898 1614 2943 hujus
1641 2896 1880 2932 monumenti
1905 2907 1994 2931 esse

357 2954 524 2990 videtur.
546 2944 682 2990 Manus
701 2956 857 3002 quidem
876 2956 979 2992 illius
999 2957 1038 2992 in
1057 2962 1137 2992 toto
1156 2957 1391 2992 documento
1409 2956 1658 3003 conspicitur,
1680 2968 1756 2991 non
1776 2954 1952 3001 exeeptis
1971 2964 1993 2999 5

357 3014 542 3058 numeris,
564 3015 735 3062 quinque
754 3015 1003 3062 paragraphis
1023 3016 1218 3062 praefixis.
1242 3016 1340 3050 Vide
1360 3027 1449 3062 pag.
1468 3017 1528 3061 673
1549 3015 1608 3060 823
1638 3024 1717 3059 1153
1741 3014 1820 3059 1353
1841 3019 1881 3049 et
1902 3013 1988 3058 143.
