2101 3348
809 236 1028 273 APPEnmx
1614 247 1681 284 771

89 337 203 394 quid
225 336 399 381 scilicet
424 338 655 394 agendum
681 339 812 390 foret,
833 337 868 381 si
892 339 965 382 uel
988 354 1014 382 a
1033 339 1194 383 uicinis
1212 340 1490 397 principibus
1507 341 1580 385 vel
1595 356 1734 398 repu—

95 397 214 440 blica
239 396 431 463 spirensi
449 397 586 440 huius
603 398 752 453 operis
769 411 906 440 causa
923 399 1091 441 malum
1108 408 1361 455 pararetur,
1382 401 1494 445 adeo
1516 408 1566 443 ut
1583 402 1733 446 eccle-

97 456 165 500 sia
186 455 401 511 spirensis
424 463 502 498 aut
524 457 673 499 clerus
694 458 849 499 saluus
879 471 979 501 esse
1008 473 1098 502 non
1131 458 1354 502 sineretur
1382 468 1566 516 propter
1575 460 1731 504 intro-

99 517 282 558 ductam
306 515 594 559 Societatem.
623 517 739 558 Hoc
748 515 832 560 etsi
853 517 1084 583 probabile
1102 532 1193 561 non
1211 518 1268 561 sit
1292 520 1574 563 aduersarios
1592 534 1732 562 cona—

100 582 247 626 turos,
275 582 424 618 tamen
448 574 552 630 quia
581 575 817 640 plerosque
846 575 1004 629 mouit,
1031 576 1254 632 explicare
1281 578 1523 621 uoluimus.
1551 580 1726 631 Patres,

100 633 279 689 saepius
310 633 398 676 iam
432 633 671 699 nominati,
698 635 1048 689 responderunt,
1081 643 1125 678 et
1156 637 1421 680 charitatem
1455 646 1500 682 et
1531 638 1729 680 officium

99 693 299 759 ipsorum
322 692 516 736 docere
506 708 551 735 m
576 692 651 734 tali
674 707 782 736 casu
805 694 1056 736 cedendum
1087 695 1228 738 furori
1255 703 1300 738 et
1330 695 1583 763 temporum
1608 697 1667 752 inj
1677 712 1728 741 u-

100 753 207 804 riae,
234 767 381 807 neque
404 752 459 794 ad
489 752 750 794 saluandam
783 760 953 807 partem
987 760 1131 796 totum
1161 755 1361 798 interitui
1390 757 1725 811 exponendum,

97 826 236 866 seque
259 811 369 853 nihil
391 810 598 853 dubitare
621 812 677 854 V.
703 812 758 853 P.
786 811 1030 854 identidem
1059 812 1380 867 indicaturam,
1408 822 1452 859 et
1476 823 1727 871 promptam

97 873 310 922 futuram,
339 878 388 912 ut
409 870 651 925 collegium
675 870 990 922 disolueretur,
1017 871 1052 913 si
1077 874 1199 915 nulla
1228 888 1330 940 spes
1360 874 1554 918 melioris
1583 882 1728 918 status

97 937 376 986 superesset,
408 929 562 983 sicque
592 929 768 984 Spiram
798 930 1085 984 relinqueret
1120 933 1261 974 Hoc
1250 948 1396 987 ipsum
1427 948 1537 987 ergo
1569 934 1727 977 ultimo

95 991 194 1032 loco
211 989 411 1044 petimus
434 996 568 1043 atque
592 989 854 1044 excipimus.
881 990 1007 1032 Alias
1032 1005 1109 1045 per
1132 1006 1213 1034 nos
1236 992 1351 1034 firmi
1371 1001 1504 1035 erunt
1522 993 1728 1048 promissi

95 1049 314 1100 redditus,
341 1057 385 1092 et
409 1048 665 1090 institutum
689 1050 793 1100 hoc,
821 1050 944 1102 quod
967 1050 1105 1091 semel
1128 1050 1173 1091 in
1197 1052 1395 1106 generali
1426 1060 1580 1095 nostro
1603 1053 1728 1108 capi-

97 1109 195 1150 tulo
210 1108 511 1159 decreuimus,
528 1108 823 1150 confirmante
838 1110 967 1151 Rmo.
989 1108 1199 1164 episcopo
1216 1118 1384 1163 nostro,
1403 1119 1446 1153 et
1466 1113 1651 1155 nuch.
1667 1115 1719 1155 P.

99 1167 355 1211 scribimus.
385 1168 485 1210 Hoc
507 1167 659 1221 itaque
681 1168 825 1209 solum
850 1175 1071 1222 superest
1094 1175 1142 1210 ut
1161 1170 1213 1211 T
1237 1171 1288 1212 P
1311 1169 1529 1214 ecclesiae
1547 1178 1727 1215 nostrae

101 1227 416 1270 necessitatem
435 1227 678 1288 intueatur,
700 1241 752 1268 ac
771 1226 907 1269 totius
925 1227 1197 1270 Germaniae
1214 1229 1510 1271 calamitatem
1531 1231 1602 1284 pie
1618 1245 1729 1273 con-

102 1286 289 1338 sideret,
323 1301 456 1341 quam
490 1276 619 1341 pauci
654 1285 818 1340 ubique
851 1286 1064 1342 operarij,
1098 1301 1231 1341 quam
1257 1303 1421 1354 parum
1456 1290 1480 1330 f
1488 1290 1610 1333 deles
1641 1290 1728 1332 Dei

102 1346 221 1389 serui
245 1345 540 1400 reperiantur,
567 1344 642 1400 qui
666 1345 871 1400 exemplo
893 1344 1025 1387 simul
1048 1360 1100 1387 ac
1123 1347 1327 1388 doctrina
1351 1347 1527 1403 pietatis
1545 1363 1728 1392 causam

101 1412 414 1461 promoueant,
440 1404 543 1447 fidei
567 1403 772 1447 hostibus
795 1418 842 1446 se
866 1411 1114 1460 opponant,
1141 1420 1256 1460 quae
1273 1408 1382 1462 jesu
1408 1407 1575 1449 Christi
1599 1416 1722 1460 sunt,

101 1472 333 1520 quaerant.
362 1464 582 1519 Equidem
604 1464 648 1505 in
673 1463 945 1508 Societatem
975 1471 1173 1508 uestram
1202 1473 1246 1508 et
1275 1480 1356 1507 nos
1388 1466 1485 1522 (qui
1507 1468 1564 1509 D.
1592 1468 1725 1510 Lam-

97 1524 212 1567 berti
236 1524 281 1566 in
305 1523 527 1566 catholica
550 1523 754 1566 doctrina
777 1524 991 1567 tradenda
1011 1524 1174 1567 ardens
1191 1524 1389 1566 studium
1410 1532 1455 1567 et
1471 1525 1592 1569 uitae
1609 1526 1727 1571 inte—

98 1583 308 1640 gritatem
332 1583 607 1626 sufficienter
627 1583 941 1626 commendare
959 1597 1050 1625 non
1068 1585 1322 1638 possumus)
1342 1592 1386 1627 et
1404 1585 1509 1626 boni
1528 1585 1727 1640 plerique

101 1658 259 1686 omnes
311 1643 467 1684 oculos
519 1641 783 1697 conijciunt,
829 1642 1028 1685 animum
1083 1644 1384 1697 affectumque
1436 1652 1726 1697 conuertunt,

102 1710 255 1745 amant
278 1716 467 1756 syncere
489 1700 762 1757 institutum,
787 1701 983 1756 indeque
1005 1701 1220 1744 auxilium
1245 1709 1440 1757 sperant,
1469 1703 1577 1745 uisis
1602 1705 1728 1746 labo-

103 1761 227 1804 ribus
250 1769 295 1804 et
318 1762 467 1803 fructu
494 1775 583 1803 non
615 1760 885 1816 poenitendo
915 1768 1098 1815 totaque
1127 1762 1396 1815 procedendi
1420 1762 1609 1807 ratione.
1635 1765 1728 1806 Nos

106 1829 257 1863 uestra
279 1835 415 1875 opera
445 1834 631 1875 gregem
662 1820 792 1862 nobis
821 1819 1111 1862 commissum
1140 1835 1231 1861 non
1260 1820 1520 1864 dubitamus
1548 1821 1593 1863 in
1626 1822 1731 1865 reli—

105 1880 242 1936 gione
265 1879 386 1922 auita
409 1887 454 1922 et
476 1894 651 1921 morum
677 1879 899 1934 probitate
920 1879 1184 1920 iuuandum.
1212 1880 1364 1933 Atque
1394 1882 1513 1923 hanc
1543 1882 1600 1923 ob
1622 1896 1731 1924 cau-

105 1955 199 1982 sam
229 1947 274 1983 et
303 1939 497 1994 petimus
535 1946 580 1980 et
616 1953 848 1993 rogamus,
874 1953 930 1980 ne
968 1938 1146 1993 optimis
1179 1939 1425 1993 desyderijs
1457 1947 1502 1982 et
1533 1940 1732 1995 consilijs

104 1998 370 2053 necessarijs
392 1999 550 2040 deesse
572 1997 736 2049 uelitis,
763 1998 842 2040 sed
860 2012 1051 2040 messem
1070 1999 1187 2039 hanc
1205 2006 1458 2053 acceptare,
1484 2006 1544 2050 et,
1570 2014 1731 2054 quem-

104 2058 345 2100 admodum
385 2057 429 2098 in
469 2056 566 2111 alijs
604 2056 867 2112 regionibus
890 2055 1056 2108 facitis,
1083 2057 1310 2108 excolere,
1337 2064 1380 2101 et
1403 2058 1583 2100 Christo
1607 2059 1732 2102 ferti-

103 2118 191 2161 lem
215 2117 360 2173 magis
383 2116 619 2170 magisque
642 2116 844 2168 reddere3
872 2116 992 2170 quod
1016 2115 1199 2158 omnino
1224 2117 1441 2158 facturam
1466 2119 1519 2160 T.
1547 2119 1619 2167 P.,
1645 2133 1734 2173 qua

102 2183 173 2220 est
195 2191 304 2228 erga
327 2175 495 2219 Christi
519 2189 700 2217 causam
723 2182 768 2218 et
790 2174 1060 2218 Germaniae
1083 2175 1272 2219 salutem
1302 2176 1523 2220 charitate
1552 2178 1729 2229 affecta,

106 2235 391 2278 confidimus.
419 2237 717 2289 Responsum,
746 2249 835 2276 una
857 2248 959 2276 cum
982 2233 1204 2276 mandatis
1222 2235 1277 2277 ad
1295 2235 1524 2277 dominum
1548 2236 1734 2291 prouin—

107 2295 262 2338 cialem
288 2297 554 2345 rhenanum,
581 2300 888 2348 expectamus,
916 2300 965 2335 ut
989 2293 1130 2347 primo
1153 2301 1352 2349 tempore
1376 2294 1551 2337 initium
1575 2297 1734 2339 demus

108 2355 335 2410 plantulae
358 2353 479 2404 huic,
506 2368 640 2407 quam
665 2352 871 2396 coelestis
894 2352 1093 2408 agricola
1116 2352 1337 2407 respicere
1360 2369 1536 2409 semper
1559 2355 1684 2406 uelit,
1710 2370 1735 2397 a

104 2426 200 2468 quo
233 2413 364 2456 etiam
396 2414 448 2454 T.
486 2414 535 2454 P.
570 2413 760 2455 salutem
798 2412 985 2454 multam
1018 2426 1070 2454 ac
1102 2411 1359 2455 diuturnam
1398 2420 1620 2468 optamus,
1654 2429 1735 2457 nos

111 2487 293 2527 quoque
326 2472 525 2516 eiusdem
559 2471 768 2513 charitati
800 2472 1184 2515 commendantes.
1210 2473 1356 2516 Datae
1375 2473 1548 2528 Spirae,
1587 2486 1638 2526 14
1660 2474 1733 2516 die

106 2531 279 2576 vmensis
303 2531 520 2584 Augusti,
547 2545 666 2572 anno
689 2545 714 2572 a
737 2538 842 2573 nato
866 2530 1047 2574 Christo
1064 2538 1083 2557 ἢ
1105 2531 1230 2584 1566.

199 2593 429 2634 DECANUS
454 2605 513 2633 ET
537 2604 813 2633 CAPITULUM
839 2603 1036 2633 MAIORIS
1061 2603 1322 2633 ECCLESIAE
1347 2604 1593 2633 SPIRENsis

201 2651 442 2704 Inscriptio
472 2650 522 2691 7772
561 2653 725 2704 quarta
751 2650 933 2705 pagiwa
951 2664 962 2690 .·
1000 2650 1268 2692 Reuerendo
1306 2649 1350 2692 in
1389 2650 1571 2692 Christo
1611 2649 1735 2692 Patri

107 2710 166 2752 D.
193 2709 434 2752 Francisco
463 2709 519 2752 de
553 2708 734 2764 Borgia,
761 2707 1000 2752 Societatis
1029 2709 1129 2752 Iesu
1157 2708 1413 2763 praeposito
1443 2708 1643 2763 generali
1667 2708 1735 2750 di—

108 2768 342 2823 gnissimo,
364 2767 506 2809 amico
524 2775 697 2819 nostro,
718 2767 851 2810 unice
870 2767 1075 2811 colendo.
1098 2769 1280 2811 Romae.
1304 2769 1409 2810 Alsa
1427 2783 1583 2809 mann:
1608 2768 1732 2821 1566.

103 2827 280 2883 Spirae.
308 2829 520 2870 Decanus
549 2834 593 2870 et
622 2826 884 2881 capitulum.
923 2839 974 2880 14
1002 2826 1217 2882 Augusti.
1251 2827 1399 2869 Manu
1433 2829 1489 2869 P.
1528 2827 1737 2869 Polancz'.

104 2886 370 2942 Capitulum
395 2885 612 2929 ecclesiae
633 2885 862 2942 spirensis.
885 2886 1043 2942 Sz'gz'lli
1065 2887 1324 2943 vestigz'wn.

189 3030 208 3050 a
250 3022 408 3057 Archet.
418 3050 426 3066 ,
450 3020 615 3056 Christi.
