2101 3348
306 232 374 267 312
821 229 959 264 Epist.
989 227 1033 262 P.
1062 226 1255 262 NADAL-
1266 234 1335 270 452

948 366 951 367 ν
1017 345 1137 384 Δί’)’ἔ

695 432 746 473 Ρ.
784 429 1198 472 HIERONYMUS
1229 429 1447 472 NADAL

651 506 834 541 PATRI
885 504 1240 542 LAURENTIO
1292 504 1490 542 MAGIO

704 580 918 617 DILINGAE,
950 580 992 616 19
1018 578 1258 606 NOVEMBRls
1288 570 1378 615 1566
1408 572 1432 606 ¹.
1795 622 1801 629 ¹

325 638 480 684 Quibus
497 637 789 673 conditionibus
807 637 1033 672 trebonense
1051 637 1263 684 collegium
1281 636 1577 671 admittendum
1596 636 1785 671 videatur
1794 663 1802 672 .

329 717 428 772 Jhs.
455 715 504 758 L'
529 714 824 758 arciuescouo
848 714 894 757 di
923 717 1075 771 Praga
1097 714 1111 734 ‘²
1136 716 1195 756 m’
1220 716 1279 757 ha
1301 713 1473 766 scritto,
1499 720 1543 756 et
1566 714 1777 756 mandato
1808 727 1886 757 co-

247 792 320 848 pia
343 793 399 836 de
422 806 512 834 una
535 792 696 835 lettera
718 793 802 835 che
830 798 985 834 nostro
1008 791 1156 835 Padre
1180 792 1394 847 generale
1415 790 1446 832 li
1468 792 1526 833 ha
1549 790 1723 843 scritto,
1756 805 1889 847 sopra

247 870 277 912 il
307 869 498 925 collegio
529 868 573 911 cli
604 869 830 922 Trebona,
862 869 992 925 quasi
1020 868 1320 925 significando
1359 882 1482 912 esser
1519 869 1560 911 la
1593 867 1811 911 difficulta
1844 868 1890 911 in

248 954 401 989 trouar
423 945 644 1002 suppositi
667 960 746 1002 per
768 952 959 990 mettere
987 945 1033 988 in
1057 946 1160 1002 quel
1183 945 1392 1001 collegio;
1418 952 1463 988 et
1491 944 1604 989 hieri
1632 947 1691 987 ho
1729 944 1890 988 etiam—

250 1023 323 1066 dio
347 1029 563 1067 recevuto
585 1030 606 1050 a
633 1023 794 1067 lettere
821 1023 894 1066 del
923 1030 1079 1066 nostro
1110 1023 1256 1066 Padre
1287 1024 1319 1075 ³,
1355 1023 1473 1066 nelle
1509 1021 1630 1077 quali
1668 1021 1729 1064 mi
1760 1024 1817 1066 da
1848 1024 1889 1066 la

248 1099 565 1143 commissione
588 1099 633 1142 di
658 1106 856 1144 accettar
878 1092 1196 1156 quelcollegio
1218 1101 1288 1143 col
1316 1115 1399 1142 suo
1437 1100 1640 1143 membro
1669 1098 1713 1142 di
1746 1100 1887 1143 Casa-

247 1192 382 1230 noua,
410 1178 759 1220 admonendomi
781 1179 837 1221 de
860 1179 1009 1233 quello
1032 1179 1116 1220 che
1138 1177 1175 1220 si
1202 1176 1452 1221 determino
1481 1177 1599 1221 nella
1628 1191 1881 1233 congrega-

248 1253 374 1298 tione
398 1255 628 1310 generale,
655 1258 704 1297 ut
725 1256 784 1297 sit
805 1256 904 1297 sine
931 1256 1198 1298 detrimento
1226 1255 1422 1296 aliorum
1457 1255 1750 1311 collegiorum
1780 1254 1810 1306 ³¹,
1839 1260 1885 1297 et

249 1331 550 1387 significando
574 1334 657 1375 che
679 1347 771 1375 non
794 1334 895 1375 sara
917 1332 1135 1374 difficulta
1157 1332 1243 1375 nel'
1263 1331 1436 1375 'unione
1458 1332 1559 1375 dell’
1599 1330 1795 1383 abbatia,
1828 1332 1885 1374 ne

249 1408 532 1464 separatione
555 1409 672 1452 della
695 1423 819 1462 cura,
845 1417 933 1453 etc.
961 1411 1018 1452 Et
1040 1409 1201 1465 poiche
1224 1410 1248 1452 e
1273 1408 1459 1453 rimesso
1483 1424 1508 1451 a
1535 1423 1622 1461 me,
1655 1408 1698 1451 io
1739 1408 1887 1452 uorrei

247 1485 410 1541 guidar
434 1493 594 1541 questo
622 1487 809 1543 negotio
841 1501 926 1529 con
958 1487 1067 1543 ogni
1094 1485 1493 1542 circunspettione,
1536 1493 1580 1529 et
1612 1486 1705 1529 cosi
1738 1485 1887 1528 scriuo

246 1563 318 1604 all'
344 1562 640 1607 arciuescouo
663 1563 709 1606 in
738 1565 967 1620 generale,
993 1564 1023 1606 il
1046 1563 1288 1620 particular
1310 1564 1593 1607 remettendo
1615 1578 1641 1606 a
1664 1564 1720 1606 V.
1754 1564 1828 1615 R„
1861 1577 1887 1605 o

247 1640 288 1681 al
313 1642 365 1682 P.
394 1640 595 1683 Henrico
621 1642 635 1662 ⁵
658 1656 738 1697 per
760 1656 842 1684 sua
864 1641 1198 1693 commissione,
1224 1655 1352 1683 corne
1374 1641 1416 1683 la
1439 1642 1492 1683 R.
1519 1642 1576 1684 V.
1604 1640 1771 1683 uedera
1807 1654 1887 1696 per

246 1717 288 1759 la
326 1731 409 1760 sua
445 1718 621 1770 lettera,
663 1718 795 1774 quale
833 1718 996 1761 mando
1034 1726 1203 1774 aperta,
1246 1717 1369 1760 accio
1397 1718 1439 1760 la
1475 1716 1603 1771 serri,
1635 1731 1661 1759 o
1693 1716 1808 1759 auisi
1844 1717 1895 1765 31,

247 1795 305 1838 P.
341 1794 544 1837 Henrico
567 1796 651 1838 che
674 1795 828 1838 auanti
851 1796 907 1838 de
929 1796 1053 1839 darla
1074 1796 1116 1837 la
1139 1794 1249 1837 serri
1271 1794 1316 1837 in
1341 1796 1506 1850 Praga3
1533 1801 1578 1838 et
1600 1794 1660 1836 mi
1682 1809 1765 1837 son
1802 1794 1883 1838 de-

246 1871 487 1914 terminato
522 1872 567 1914 in
597 1880 774 1927 questo:
809 1872 960 1916 Prima
992 1875 1077 1915 che
1114 1873 1192 1915 noi
1225 1887 1316 1915 non
1353 1871 1567 1928 pigliamo
1605 1873 1662 1914 ne
1699 1886 1808 1914 cura
1839 1870 1884 1913 di

243 1948 390 2002 quella
412 1949 660 2004 parrochia,
686 1964 814 1993 come
836 1952 861 1993 e
890 1950 1059 2002 chiaro,
1085 1952 1143 1993 ne
1165 1949 1373 2006 collegio,
1397 1951 1453 1992 ne
1481 1949 1673 2001 lettioni,
1698 1948 1832 1991 insin'
1859 1963 1884 1990 a

245 2031 369 2066 tanto
392 2027 490 2069 chel
513 2027 698 2082 negotio
722 2028 795 2070 del
822 2027 1095 2072 monasterio
1118 2028 1138 2054 b
1165 2034 1210 2070 et
1233 2027 1517 2083 separatione
1539 2027 1657 2070 della
1689 2040 1814 2078 cura,
1841 2032 1886 2069 et

244 2101 541 2156 applicatione
564 2104 635 2146 del
652 2089 932 2148 ¹monasterio
956 2105 1011 2148 de
1035 2106 1292 2157 Casanoua,
1320 2104 1386 2147 s'ia
1408 2103 1642 2160 negotiato
1664 2103 1710 2145 in
1743 2105 1887 2146 Roma

243 2178 313 2219 col
335 2192 464 2233 papa,
490 2187 534 2222 et
557 2180 696 2224 siamo
719 2181 831 2224 certi
860 2184 944 2224 che
974 2183 1017 2225 la
1045 2183 1228 2225 volonta
1250 2181 1295 2224 di
1325 2183 1373 2226 S.
1406 2183 1502 2226 Sta.
1535 2196 1626 2224 non
1655 2183 1881 2234 mancara3

243 2261 289 2297 et
311 2269 389 2311 per
412 2265 570 2311 questo
595 2258 743 2302 uorrei
765 2260 865 2302 chel
890 2259 1045 2316 signos
1068 2260 1124 2303 de
1147 2258 1301 2303 Rossis
1325 2260 1339 2281 ⁶
1373 2259 1515 2302 faccia
1553 2274 1643 2300 una
1672 2272 1880 2314 procura,

317 2398 337 2419 a
376 2392 521 2438 Apogr.
543 2395 790 2429 receut0.—b
812 2395 996 2442 Sequitur
1019 2396 1063 2431 di
1089 2396 1223 2442 quella
1242 2396 1437 2443 parochia
1462 2395 1712 2431 obliteratum
1737 2407 1759 2430 a
1782 2394 1875 2430 libr.

319 2508 329 2527 ¹
381 2507 439 2540 Ex
463 2508 698 2553 apographo,
726 2520 747 2542 a
771 2509 900 2544 Natali
923 2510 1085 2545 Romam
1111 2510 1244 2556 misso,
1270 2509 1309 2545 in
1334 2511 1469 2557 Epist.
1501 2510 1664 2555 Natal.,
1692 2511 1744 2556 ΙΙ,
1767 2510 1880 2545 unico

243 2563 336 2609 fol„
356 2564 421 2599 168
437 2565 552 2610 (176).
572 2566 699 2611 Hujus
715 2569 945 2614 transumpti
963 2570 1199 2605 mentionem
1214 2569 1307 2605 facit
1326 2570 1476 2606 Natalis
1492 2570 1531 2605 in
1550 2570 1728 2617 epistola,
1748 2579 1790 2616 19
1804 2569 1882 2604 No-

245 2624 417 2658 vembris
436 2624 482 2658 ad
502 2624 681 2670 Borgiam
700 2626 803 2669 data,
823 2638 860 2661 n.
881 2636 914 2661 2.
935 2628 1088 2664 Titulus
1107 2629 1197 2664 huic
1217 2634 1483 2675 monumento,
1502 2629 1652 2665 Natalis
1671 2641 1786 2664 manu
1812 2628 1883 2664 ini-

245 2682 299 2717 tio
318 2682 481 2729 positus,
497 2689 556 2718 est
575 2684 808 2730 hujusmodi:
829 2685 953 2732 Copia
971 2689 1014 2722 di
1032 2701 1085 2722 vn
1104 2689 1280 2735 capitulo
1299 2689 1364 2724 clze
1382 2689 1434 2723 ha
1451 2689 1572 2724 serito
1591 2688 1716 2723 Natal
1734 2688 1776 2722 al
1790 2690 1883 2734 pro-

245 2742 401 2777 uincial
425 2743 468 2777 dvi
492 2744 680 2779 Austm'a.
711 2744 966 2781 Provincialis
991 2753 1121 2782 autem
1148 2753 1230 2783 erat
1255 2749 1297 2783 P.
1326 2747 1559 2783 Laurentius
1591 2747 1756 2793 Magius.
1783 2746 1884 2782 Vide

251 2811 382 2847 supra,
403 2813 496 2847 pag.
523 2801 610 2837 230.

318 2863 332 2881 “2
385 2861 579 2897 Antonius
599 2863 697 2897 Brus
716 2861 764 2897 de
785 2864 963 2909 Muglitz.
1347 2866 1362 2887 ⁵
1413 2866 1513 2902 Vide
1532 2866 1646 2913 epist.
1666 2865 1751 2912 443,
1771 2878 1814 2902 n.
1837 2864 1876 2901 3.

312 2921 327 2941 ⁴
377 2920 591 2956 Decretum
610 2927 791 2957 octavum
811 2923 1005 2958 secundae
1025 2926 1342 2971 congregationis
1362 2925 1578 2972 generalis.

313 2978 329 3000 ⁸
377 2974 636 3027 Blyssemffls,
656 2987 785 3017 rector
803 2982 958 3028 collegii
977 2985 1195 3030 pragensis.

308 3041 326 3060 ὓ
376 3039 476 3075 Vide
496 3040 610 3087 epist.
632 3040 717 3088 432,
738 3054 780 3078 n.
805 3041 840 3086 63
862 3047 902 3077 et
920 3041 1002 3090 437,
1025 3055 1064 3078 n.
1084 3055 1124 3090 9.
