2141 3358
647 230 901 266 PROOEMIUM
928 238 1067 266 TERTn
1094 237 1319 266 VOLUMINJS
1680 239 1753 265 XXI

166 332 388 376 tutionem
412 333 542 374 valde
566 333 760 388 urgebat
782 332 1015 384 Costerus;
1042 331 1215 374 Natalis
1232 338 1384 376 autem
1408 330 1558 388 potius
1584 331 1799 375 differen-

163 416 270 459 dam
294 416 523 467 censebat,
548 422 599 458 ut
621 414 792 457 firmius
815 413 1085 457 consolidari
1108 419 1258 470 posset
1288 415 1405 471 (253,
1432 425 1534 470 254,
1562 425 1663 469 501,
1691 425 1793 469 502,

169 510 270 556 519,
297 499 414 556 520).
434 497 779 553 Antverpiensis
801 496 982 552 collegii
999 496 1140 549 initia,
1167 497 1314 540 missis
1338 497 1443 540 illuc
1465 497 1645 542 selectis
1667 497 1791 550 viris,

166 589 490 638 praeparantur
519 581 750 638 (535-538,
778 590 879 634 554,
907 580 1023 637 593).
1058 580 1359 624 provincialia
1392 581 1590 634 comitia,
1627 581 1797 638 praesi-

161 666 301 709 dente
325 666 535 716 Costero,
568 670 613 708 et
641 663 1045 719 superintendente
1068 663 1235 716 Natali,
1262 664 1450 708 Lovanii
1482 666 1725 722 habentur,
1750 664 1798 707 in

161 748 308 803 iisque
339 746 674 791 Maximilianus
713 761 739 789 a
777 747 964 802 Capella
988 754 1258 803 procurator
1287 746 1472 803 eligitur
1495 748 1630 805 (564).
1660 749 1797 792 Plura

158 830 355 887 *denique
392 832 616 874 habentur
653 830 699 873 in
739 832 826 873 hoc
859 830 989 883 libro,
1024 837 1120 873 tum
1156 831 1213 875 de
1252 830 1512 875 tornacensi
1551 832 1747 888 collegio
1770 847 1796 875 a

160 914 332 971 geusiis
349 921 525 958 vastato
544 914 657 971 (251)
677 923 722 959 et
739 915 825 957 hac
845 914 1083 959 occasione
1099 914 1286 957 solidius
1307 915 1537 957 fundando
1556 915 1687 972 (499),
1702 923 1796 959 tum

157 999 216 1060 de
233 998 472 1058 duacensis
494 998 675 1054 collegii
699 998 988 1041 incunabulis
1019 999 1139 1054 (560,
1167 1008 1268 1052 572,
1297 998 1513 1052 583-586,
1539 997 1641 1049 606,
1674 999 1791 1055 607),

162 1088 258 1123 tum
287 1081 344 1123 de
372 1080 622 1123 dionantini
650 1080 994 1123 difficultatibus
1025 1080 1164 1137 (562),
1190 1081 1340 1135 deque
1364 1079 1516 1123 multis
1539 1079 1652 1132 aliis,
1679 1095 1795 1135 quae

161 1165 234 1208 hic
263 1165 525 1222 singillatim
547 1164 758 1222 persequi
781 1180 871 1208 non
893 1174 1040 1208 vacat.

249 1250 376 1292 Duas
409 1249 591 1292 tandem
621 1250 843 1292 GALLIAE
872 1248 1146 1304 provincias,
1178 1236 1399 1303 quantum
1427 1247 1634 1304 publicae
1664 1249 1795 1304 regni

157 1331 522 1388 perturbationes
540 1332 783 1388 fragorque
800 1332 1020 1375 bellorum
1038 1332 1339 1387 pertulerunt,
1362 1331 1514 1374 multis
1533 1338 1683 1374 tamen
1700 1332 1794 1374 col-

155 1413 286 1471 legiis
308 1413 652 1471 praetermissis,
678 1414 853 1457 Natalis
875 1414 1182 1471 perlustravit,
1208 1430 1235 1457 a
1256 1414 1329 1457 die
1352 1425 1399 1469 15
1414 1413 1537 1472 Junii
1556 1414 1661 1457 anni
1685 1415 1793 1469 1568

155 1499 212 1541 ad
236 1511 285 1553 31
313 1498 516 1554 Augusti
539 1498 742 1553 ejusdem
766 1497 888 1540 anni.
915 1499 972 1540 Et
995 1505 1118 1542 certe
1142 1504 1208 1540 tot
1229 1498 1519 1541 difficultates
1543 1497 1589 1540 in
1606 1497 1660 1540 iis
1678 1504 1794 1542 tem-

155 1596 315 1639 porum
339 1580 563 1637 adjunctis
585 1596 610 1624 a
632 1580 766 1624 sociis
795 1582 1078 1637 superandae
1106 1588 1251 1635 erant,
1285 1588 1334 1624 ut
1363 1581 1536 1625 Natalis
1567 1580 1792 1637 inspectio

155 1664 411 1710 necessaria
427 1679 610 1721 prorsus
628 1664 976 1718 existimaretur,
997 1665 1186 1721 ejusque
1204 1665 1429 1708 adventus
1445 1679 1623 1707 summo
1641 1664 1793 1708 studio

154 1749 505 1802 desideraretur3
541 1763 644 1791 nam
675 1748 984 1806 operariorum
1020 1748 1215 1805 inopiae,
1255 1747 1519 1805 praesertim
1555 1747 1791 1791 hominum

156 1833 367 1889 regimini
388 1833 669 1886 idoneorum,
695 1833 883 1889 aliisque
912 1833 1260 1877 necessitatibus
1291 1848 1371 1890 per
1405 1832 1531 1876 illum
1558 1832 1792 1876 subveniri

153 1931 288 1973 posse
316 1918 582 1972 sperabatur
610 1918 728 1973 (577,
762 1918 863 1971 578,
897 1927 998 1974 590,
1031 1917 1133 1972 605,
1174 1917 1291 1973 808).
1333 1916 1560 1959 Edmundi
1597 1916 1791 1973 Augerii

152 2001 382 2057 praeclara
404 2007 535 2056 gesta
558 2007 841 2053 enarrantur,
867 2000 944 2056 qui
966 2000 1255 2057 gratissimus
1278 2008 1373 2046 erat
1396 2000 1596 2057 reginae,
1618 2000 1787 2056 princi—

150 2082 284 2139 pibus
307 2090 351 2128 et
374 2083 677 2127 cardinalibus
707 2083 937 2126 Borbonio
966 2090 1011 2127 et
1039 2084 1339 2141 Lotharingio
1375 2084 1508 2142 (609).
1550 2084 1788 2128 Maldona-

150 2172 247 2208 tum
285 2173 459 2221 autem,
505 2166 805 2210 clarissimum
846 2166 1104 2223 parisiensis
1146 2166 1406 2212 academiae
1448 2174 1783 2219 ornamentum,

149 2263 285 2305 quem
310 2249 560 2293 Lovanium
589 2250 820 2294 transferri
848 2251 1137 2306 exoptabant,
1163 2257 1300 2306 atque
1322 2251 1434 2294 adeo
1462 2251 1784 2307 procurabant,

154 2333 359 2375 nonnulli
388 2333 581 2389 hispani,
613 2347 706 2377 non
734 2334 879 2377 solum
909 2333 1091 2378 Lutetia
1120 2334 1322 2378 amoveri
1349 2333 1582 2391 impedivit
1611 2333 1786 2378 Natalis

152 2417 272 2473 (612,
305 2417 422 2473 613);
454 2418 534 2461 sed
564 2417 698 2461 etiam
726 2418 867 2461 altero
901 2417 1195 2461 selectissimo
1230 2418 1444 2475 theologo
1478 2417 1598 2460 illam
1626 2418 1784 2460 urbem

152 2501 298 2544 dotari
321 2502 581 2558 procuravit
602 2503 733 2559 (620).
761 2502 995 2547 Sociorum
1018 2503 1330 2559 parisiensium
1358 2511 1545 2559 aspectu
1573 2503 1784 2546 consola—

153 2590 242 2638 tus,
268 2599 394 2642 spem
417 2601 627 2642 magnam
650 2585 769 2629 illius
802 2586 981 2643 collegii
1013 2586 1209 2643 concipit
1237 2586 1367 2643 (620).
1391 2586 1666 2640 Virdunum,
1693 2587 1783 2630 ter-

149 2674 286 2712 vente
303 2676 490 2722 aestate,
506 2683 609 2712 cum
622 2669 832 2726 episcopo
844 2669 1162 2726 proficiscitur,
1178 2669 1419 2726 collegium
1435 2668 1604 2722 invisit,
1623 2670 1782 2711 fratres

148 2749 360 2805 pestifero
397 2751 612 2808 contagio
649 2751 822 2808 eripere
851 2759 896 2795 et
924 2752 1010 2796 alio
1042 2755 1286 2797 transferre
1315 2752 1483 2809 satagit
1513 2752 1630 2810 (621,
1661 2750 1778 2807 622).

145 2832 492 2878 Camberiacum
510 2842 638 2880 sexta
661 2836 863 2892 Augusti
886 2835 1086 2893 attingit,
1106 2835 1352 2893 collegium
1375 2835 1571 2892 inspicit,
1596 2834 1731 2878 aedes
1754 2849 1780 2878 a

147 2915 286 2958 sociis
316 2916 590 2961 inhabitatas
620 2925 711 2961 tam
741 2918 1054 2962 incommodas
1083 2918 1265 2976 reperit,
1292 2925 1342 2962 ut
1364 2919 1450 2962 alio
1472 2931 1657 2975 prorsus
1679 2916 1779 2959 illos

152 2999 489 3044 transferendos
525 3008 709 3045 censeat
741 3002 858 3059 (627,
891 3002 1008 3058 628).
1042 3003 1151 3046 Inde
1180 3002 1460 3059 Lugdunum
1496 3015 1547 3045 se
1583 3000 1775 3051 confert,
