2101 3348
386 220 452 257 160
895 215 1031 251 EPIST.
1059 213 1102 248 P.
1131 210 1400 255 NADAL—406

336 321 603 366 nominatim
624 320 682 361 ha
703 318 839 361 eletto
862 316 891 358 11
913 317 1061 358 dottor
1091 314 1299 357 Emundo
1322 315 1471 369 Hayo,
1498 319 1636 356 rettor
1665 312 1738 355 del
1760 311 1955 368 collegio

336 406 487 442 nostro
509 397 553 439 di
584 394 787 451 Pariggi3
820 400 864 438 et
893 394 1037 437 anche
1064 392 1093 434 li
1122 394 1181 435 ha
1208 391 1404 448 piaciuto
1426 391 1463 433 si
1485 388 1713 433 mandassi
1743 389 1774 431 il
1805 390 1956 432 dottor

336 478 575 526 Thomaso,
617 473 752 528 anglo
785 473 813 524 ¹,
839 472 923 514 che
944 477 1013 514 sta
1049 470 1094 512 in
1129 469 1327 525 Dilinga;
1358 475 1403 512 et
1431 468 1523 511 cosi
1553 466 1801 524 bisognera·
1827 481 1875 510 se
1897 480 1954 510 ne

337 553 453 596 uada
474 553 515 594 la
537 551 659 593 uolta
675 549 720 592 di
745 548 946 605 Pariggi,
977 549 1096 592 doue
1123 548 1166 590 lo
1194 546 1381 604 pigliara
1411 546 1443 589 il
1469 545 1645 599 nuntio,
1675 544 1863 590 insieme
1883 545 1954 588 col

336 631 460 673 detto
482 629 630 680 dottor
647 627 869 669 Emundo.
891 626 1039 670 Credo
1061 639 1152 667 non
1174 623 1239 668 sia
1261 631 1387 667 tanto
1408 622 1662 668 necessario
1682 622 1729 666 in
1750 622 1950 679 Dilinga,

334 709 418 751 che
440 720 527 748 non
559 719 690 761 possa
718 704 783 747 far
805 710 964 758 questa
1001 701 1220 755 absentia,
1259 716 1394 746 senza
1411 700 1581 744 notabil
1617 700 1886 744 detrimento
1909 699 1954 742 di

333 784 494 839 quella,
519 782 725 825 massime
748 780 978 825 essendosi
1001 780 1211 822 mandato
1233 779 1263 821 il
1287 781 1339 822 Ρ.
1368 781 1485 823 Paez
1508 779 1522 799 ²
1540 793 1627 822 con
1643 778 1674 820 li
1691 777 1845 821 mastri
1863 779 1954 822 R0-.

334 863 462 905 berto
485 861 499 881 ³
523 866 568 902 et
591 859 746 903 Simon
769 859 801 911 4,
827 865 871 902 et
891 856 1142 901 hauendosi
1165 872 1190 900 a
1211 857 1397 900 mandar
1419 856 1518 900 altri
1539 856 1586 898 in
1607 857 1762 899 breue.

426 948 465 992 5.
532 936 732 993 Georgio
755 936 918 992 polono
943 936 957 956 ὅ
975 950 1067 978 non
1083 949 1189 991 pare
1205 934 1368 979 debbia
1384 934 1541 978 uenire
1563 949 1588 977 a
1610 935 1767 986 Roma,
1803 948 1957 978 essen-

335 1015 433 1058 dosi
456 1015 666 1058 mandato
702 1027 835 1056 uerso
871 1012 1115 1057 Germania
1136 1027 1215 1069 per
1238 1011 1428 1055 trouarsi
1461 1011 1537 1068 qui
1569 1012 1699 1066 male3
1730 1010 1884 1056 uedasi
1912 1010 1958 1053 di

333 1092 522 1136 aiutarlo
539 1092 582 1135 di
604 1093 660 1146 la,
687 1105 734 1134 se
756 1093 856 1135 sara
877 1093 1085 1147 reputato
1113 1098 1217 1147 apto
1246 1105 1324 1146 per
1345 1089 1489 1135 seruir
1511 1105 1537 1133 a
1563 1089 1651 1132 Dio
1677 1089 1795 1132 nella
1816 1089 1956 1132 Com-

331 1169 496 1227 pagnia
513 1169 558 1212 in
581 1170 771 1226 qualche
793 1167 1052 1212 ministerio.
1079 1169 1263 1224 Quanto
1285 1168 1327 1211 al
1347 1174 1514 1211 mastro
1536 1166 1581 1210 di
1603 1165 1779 1220 nouitii,
1805 1180 1894 1223 qua
1915 1165 1954 1208 si

334 1248 428 1291 fara
448 1248 596 1304 quello
618 1249 700 1290 che
722 1246 759 1289 si
776 1248 917 1303 potra.
944 1246 978 1289 Il
1007 1246 1181 1290 fratello
1208 1244 1390 1289 Giouan
1418 1245 1570 1289 Pietro
1592 1244 1667 1302 gia
1695 1246 1754 1288 ha
1781 1243 1953 1287 comin—

334 1325 452 1368 ciato
474 1326 516 1368 la
539 1324 764 1368 tradution
781 1324 896 1367 delle
918 1324 1076 1368 lettere
1098 1323 1171 1367 del
1186 1325 1335 1381 Japon
1357 1324 1389 1366 ⁶.

420 1404 462 1446 6.
527 1403 620 1447 Sua
642 1401 818 1447 Santita
838 1416 929 1445 non
951 1402 994 1444 fa
1015 1400 1093 1457 piu
1115 1400 1344 1445 mentione
1365 1401 1482 1445 delle
1498 1399 1715 1453 missioni,
1735 1400 1793 1443 ne
1811 1400 1954 1442 anche
1985 1463 1987 1466 .

331 1480 367 1524 si
387 1488 522 1524 tratta
543 1481 657 1524 della
685 1480 847 1523 andata
869 1479 941 1522 del
971 1481 1022 1522 P.
1050 1478 1249 1533 Canisio‚
1279 1478 1379 1522 anzi
1403 1494 1510 1535 pare
1536 1477 1770 1535 probabile
1798 1491 1889 1520 non
1917 1476 1954 1519 si
2026 1515 2035 1524 ‚

331 1559 425 1602 fara
445 1566 606 1615 troppo
628 1557 841 1601 instantia
868 1572 947 1614 per
970 1557 997 1598 l'
1027 1556 1211 1602 auenire
1237 1556 1284 1600 in
1307 1563 1466 1612 questa
1482 1562 1626 1613 parte,
1657 1570 1735 1612 per
1759 1555 1790 1597 l’
1814 1554 1955 1597 infor-

333 1636 500 1679 mation
522 1638 604 1679 che
627 1638 662 1678 s’
689 1637 713 1679 e
735 1635 851 1679 data.
880 1635 941 1679 Mi
964 1635 1142 1678 rimetto
1165 1651 1191 1678 a
1213 1636 1269 1679 V.
1296 1637 1349 1678 R.
1377 1641 1546 1690 quanto
1569 1633 1650 1677 alli·
1664 1632 1781 1676 corsi
1803 1633 1860 1677 de
1881 1634 1955 1675 ln—

330 1713 568 1771 golstadio,
594 1714 763 1770 purche
785 1728 876 1756 non
899 1712 944 1755 ui
972 1712 1096 1756 siano
1124 1713 1201 1769 piu
1229 1714 1313 1756 che
1335 1712 1441 1756 duoi
1462 1711 1612 1756 lettori
1633 1718 1679 1755 et
1701 1725 1764 1754 un
1785 1709 1954 1753 substi-

332 1799 443 1835 tuto.
470 1792 598 1835 Della
619 1790 962 1847 indispusitione
983 1791 1056 1834 del
1078 1792 1130 1834 P.
1156 1790 1375 1835 Ximenez
1397 1790 1438 1833 ci
1460 1790 1700 1842 rincresce,
1725 1795 1770 1832 et
1797 1778 1953 1844 spera—

330 1884 404 1913 mo
425 1871 582 1913 samara
609 1884 744 1913 senza
771 1868 929 1912 lasciar
956 1869 999 1911 la
1027 1868 1296 1926 compagnia
1317 1868 1362 1911 di
1399 1869 1456 1912 V.
1489 1869 1563 1921 R.,
1589 1867 1759 1925 purche
1791 1879 1882 1909 non
1913 1865 1951 1908 si

333 1946 528 1990 affatichi
553 1954 709 2002 troppo
731 1946 778 1989 in
799 1946 998 1990 scriuere
1019 1961 1046 1989 0
1068 1947 1179 1990 altre
1201 1961 1320 1991 cose.

418 2035 458 2077 7.
525 2024 804 2067 Trouandosi
827 2025 883 2068 V.
909 2025 963 2067 R.
989 2024 1106 2068 nella
1129 2024 1353 2081 prouintia
1381 2025 1424 2067 d’
1451 2023 1652 2077 Austria,
1684 2030 1728 2068 et
1756 2022 1949 2067 essendo

328 2100 500 2144 auisato
522 2100 625 2144 delli
654 2100 833 2157 bisogni
861 2102 934 2144 del
956 2102 1147 2159 collegio
1170 2103 1227 2147 de
1250 2104 1540 2158 Brunsperga
1565 2104 1596 2155 ⁷,
1621 2102 1756 2146 credo
1778 2102 1949 2144 hauera

327 2177 545 2234 prouisto‚
579 2178 766 2222 insieme
793 2179 863 2221 col
888 2181 939 2222 Ρ.
968 2181 1139 2235 Lanoy,
1179 2182 1264 2223 che
1292 2195 1340 2224 se
1362 2179 1392 2222 li
1414 2179 1566 2222 mandi
1591 2180 1784 2235 qualche
1806 2178 1946 2232 aiuto,

327 2263 594 2311 presuposto
624 2257 708 2300 che
744 2257 860 2300 della
895 2256 1077 2300 inferior
1114 2258 1358 2302 Germania
1380 2264 1425 2302 et
1462 2259 1621 2302 Rheno
1650 2272 1699 2301 se
1725 2257 1757 2299 li
1786 2256 1949 2300 manda

400 2387 409 2406 ¹
460 2384 627 2421 Thomas
645 2386 908 2434 Darbishirus,
928 2389 993 2435 qui
1012 2389 1203 2425 Monachii
1222 2389 1349 2425 officio
1368 2388 1542 2436 magistri
1560 2387 1793 2425 novitiorum
1811 2387 1949 2434 funge-

325 2444 455 2481 batur.
479 2445 578 2483 Vide
598 2446 713 2492 epist.
733 2445 816 2492 398,
836 2459 875 2484 n.
895 2447 930 2492 83
951 2453 990 2483 et
1008 2457 1091 2493 410,
1111 2461 1149 2484 n.
1171 2459 1209 2485 2.

396 2503 410 2523 ²
459 2504 670 2542 Henricus.
1030 2508 1045 2529 ³
1094 2509 1280 2552 Girulius,
1301 2510 1394 2546 alias
1413 2509 1613 2557 Byrulius.

394 2564 410 2584 ⁴
458 2563 591 2600 Simon
610 2566 818 2602 leodiensis
837 2566 882 2611 (Ρ)
900 2568 959 2602 De
978 2578 1023 2602 eo
1042 2567 1225 2614 frequens
1244 2570 1389 2605 mentio
1405 2569 1444 2605 in
1458 2582 1565 2618 seqq.
1583 2570 1759 2617 epistolis
1777 2569 1835 2607 fit.
1852 2568 1945 2615 Ejus

318 2633 536 2670 cognomen
570 2624 813 2661 SACCHINUS
846 2626 1000 2672 scripsit
1030 2627 1221 2662 Emrium
1251 2629 1339 2671 (loc.
1372 2628 1453 2672 eit„
1487 2629 1559 2665 lib.
1596 2630 1646 2676 V,
1679 2642 1749 2666 nn.
1786 2629 1844 2675 98,
1870 2628 1946 2674 99);

320 2684 538 2719 AGR1COLA
558 2690 687 2719 autern
708 2685 937 2720 Deme-sium
957 2685 1064 2721 illum
1083 2687 1330 2732 cognominat
1348 2690 1435 2732 (loc.
1456 2688 1540 2735 cit.,
1559 2690 1611 2725 D.
1637 2688 1708 2736 III,
1728 2701 1766 2725 n.
1797 2690 1896 2734 171).

393 2745 406 2765 ⁵
458 2742 557 2779 Vide
576 2743 693 2790 epist.
720 2743 803 2790 356,
823 2757 865 2780 n.
889 2744 924 2789 3;
945 2744 1028 2788 368,
1047 2758 1089 2780 n.
1118 2754 1149 2790 13
1170 2751 1208 2782 et
1226 2745 1312 2793 398,
1331 2759 1373 2782 n.
1397 2755 1438 2792 7.

391 2804 406 2824 ⁶
455 2802 555 2838 Vide
574 2802 712 2850 epist.‚
733 2802 814 2849 365,
837 2816 878 2839 n.
904 2813 938 2848 23
958 2803 1040 2850 377,
1059 2816 1101 2840 n.
1125 2815 1160 2849 23
1180 2804 1262 2849 396,
1282 2818 1325 2841 n.
1350 2817 1386 2851 93
1407 2812 1446 2842 et
1465 2807 1548 2853 398,
1569 2820 1608 2843 n.
1629 2818 1669 2853 9.

389 2864 401 2884 ⁷
453 2861 674 2908 Collegium
690 2864 996 2910 Braunsbergae‚
1014 2876 1113 2910 quae
1132 2870 1191 2899 est
1210 2866 1301 2900 urbs
1316 2866 1498 2902 Poloniae
1516 2867 1671 2902 condita
1690 2867 1738 2902 ab
1757 2866 1943 2913 Henrieo‚

316 2921 525 2957 varmiensi
546 2922 740 2973 episcopo,
762 2923 982 2959 institutum
1000 2923 1073 2959 fuit
1091 2935 1190 2959 anno
1211 2924 1318 2969 1564.
1343 2925 1442 2960 Vide
1463 2927 1591 2973 Epist.
1613 2926 1767 2972 Natal„
1786 2927 1835 2974 ΙΙ,
1856 2926 1940 2973 660,

313 2981 396 3025 661;
421 2986 460 3016 et
488 2982 755 3029 ROSTOWSKI,
784 2983 1092 3019 Lituanicarum
1118 2984 1323 3020 Societatis
1344 2984 1445 3031 Jesu
1470 2986 1735 3022 historiarum
1759 2986 1854 3022 libri
1879 2987 1925 3022 de

316 3053 410 3083 cem,
434 3052 525 3088 pag.
554 3050 613 3077 11.
