2101 3348
334 229 403 274 652
852 229 990 264 EPIST.
1019 228 1063 263 P.
1093 227 1365 274 NADAL—544

285 338 376 384 tus,
405 336 450 373 et
473 328 740 372 charissimo
763 328 889 372 Patri
911 343 1004 372 non
1027 343 1215 384 possum
1239 344 1330 372 non
1352 329 1587 386 gratulari,
1603 329 1731 385 quod
1749 344 1930 386 sperem

287 408 375 450 hac
397 405 661 449 occassione
686 406 796 458 fore,
824 412 873 448 ut
901 412 1083 450 nostrae
1109 405 1379 462 provintiae,
1405 405 1525 449 sicut
1555 412 1600 450 et
1627 405 1783 448 multis
1806 406 1924 460 aliis,

287 484 517 540 praeclare
540 483 821 526 consulatur.

377 562 448 605 De
470 576 542 604 me
564 560 674 602 nihil
698 559 845 603 dicam
867 559 1006 613 aliud,
1032 574 1167 615 quam
1191 561 1312 615 quod
1334 575 1390 604 ex
1419 560 1568 603 animo
1597 560 1776 616 cupiam
1807 574 1927 603 novo

287 637 509 694 superiori
531 652 612 693 per
633 637 785 680 omnia
801 636 1008 693 obsequi,
1028 643 1074 679 et
1091 636 1313 693 singulari
1331 636 1614 681 obedientiae
1633 636 1784 679 studio
1802 651 1929 679 com-

289 728 483 771 pensare
506 714 567 766 id,
601 714 723 770 quod
745 713 838 757 scio
867 720 912 757 et
934 714 1065 756 doleo
1094 728 1229 769 saepe
1251 729 1277 757 a
1299 729 1371 757 me
1393 714 1759 769 praetermissum
1792 721 1930 769 atque

292 792 555 848 neglectum
583 806 700 844 esse,
732 791 996 847 praesertim
1025 805 1114 846 quo
1144 798 1348 847 tempore
1380 790 1661 835 visitatorem
1696 791 1816 847 apud
1849 805 1934 833 nos

292 868 389 925 egit
418 870 471 912 R.
507 871 580 921 T.,
618 868 692 911 cui
720 876 808 924 ego
837 869 1030 910 multum
1062 883 1198 924 saepe
1227 867 1400 925 negotii
1433 875 1479 912 et
1512 867 1747 912 molestiae
1782 867 1933 911 attuli.

294 945 530 1003 Propitius
552 945 662 988 mihi
685 945 743 989 sit
765 944 989 989 Dominus
1016 946 1078 988 ¹...

1021 1063 1024 1065 ’
1055 1074 1172 1115 514

741 1162 795 1204 P.
831 1161 1245 1205 HIERONYMUS
1279 1161 1498 1204 NADAL

572 1250 756 1285 PATRI
793 1248 1666 1303 CHRISTOPHORORODRIGUEZ

941 1332 981 1362 et
997 1325 1170 1373 quinque
1189 1326 1306 1362 sociis

829 1412 988 1446 ROMAE,
1013 1413 1051 1439 11
1073 1413 1258 1440 AUGUSTI
1280 1412 1365 1450 1571
1387 1404 1414 1440 2.

452 1482 627 1517 Litterae
643 1484 827 1528 patentes
844 1482 898 1516 ad
917 1481 1064 1516 bellum
1083 1482 1283 1516 turcicum
1297 1481 1641 1529 proficiscentibus
1659 1480 1796 1516 datae.

386 1566 485 1622 jhs.
509 1564 818 1620 Hieronymus
840 1564 1030 1617 Natalis,
1050 1564 1247 1607 vicarius
1266 1565 1507 1609 Societatis
1523 1566 1651 1622 jesu.
1674 1565 1879 1608 Salutem
1898 1563 1944 1606 in

304 1641 517 1694 Domino,
544 1649 630 1685 etc.
659 1642 776 1684 Cum
798 1641 925 1684 iussu
949 1641 1222 1684 sanctissimi
1246 1641 1417 1684 domini
1440 1642 1583 1684 nostri
1609 1640 1677 1684 Pii
1705 1640 1866 1695 quinti,
1899 1647 1944 1682 et

302 1734 358 1763 ex
377 1726 530 1762 nostra
549 1718 823 1771 obedientia,
843 1719 900 1762 ad
918 1719 1107 1761 classem
1127 1718 1395 1763 Catholicae
1413 1718 1680 1771 Maiestatis,
1699 1732 1815 1773 quae
1833 1730 1944 1759 con·-

305 1804 375 1839 tra
397 1803 550 1838 turcas
573 1795 843 1850 destinatur,
869 1796 1057 1838 dilectos
1080 1795 1125 1838 in
1149 1796 1331 1839 Christo
1359 1797 1521 1840 fratres
1550 1798 1607 1839 D.
1641 1794 1945 1849 Christopho—

309 1888 409 1915 rum
430 1872 706 1929 RodrigueZ,
733 1880 777 1915 et
801 1872 911 1915 alios
934 1872 1134 1928 quinque
1157 1874 1214 1917 de
1236 1881 1390 1916 nostra
1413 1873 1658 1926 Societate,
1685 1873 1741 1915 ad
1771 1872 1946 1914 auima-

309 1965 409 1993 rum
434 1950 651 1992 auxilium
676 1957 721 1993 et
742 1949 975 1993 charitatis
997 1965 1134 2006 opera
1151 1951 1421 2004 exercenda,
1443 1950 1693 2003 mittamus,
1714 1950 1849 1991 fidem
1870 1962 1949 2003 per

309 2035 575 2084 praesentes
599 2026 753 2070 literas
777 2028 928 2069 facere
951 2027 1194 2079 uoluimus,
1222 2029 1346 2082 quod
1368 2024 1704 2083 praedictus'P.
1738 2025 1950 2069 Christo-

312 2106 483 2160 phorus
507 2104 767 2160 Rodriguez
799 2104 846 2147 in
874 2107 958 2147 hac
989 2104 1202 2148 missione
1230 2112 1275 2148 et
1309 2104 1566 2148 obedientia
1597 2103 1802 2160 superior
1835 2102 1953 2146 inter

312 2195 392 2225 eos
416 2188 501 2234 est,
526 2188 570 2224 et
595 2193 685 2223 tam
709 2181 806 2237 ipse
828 2196 965 2237 quam
989 2181 1061 2223 alii
1084 2182 1176 2224 duo
1199 2183 1474 2236 sacerdotes,
1500 2181 1577 2236 qui
1601 2196 1706 2225 eum
1729 2180 1954 2223 comitan—

315 2265 405 2309 tur,
433 2258 695 2300 facultatem
718 2259 889 2300 habent
912 2258 1065 2301 omnia
1087 2258 1326 2302 Societatis
1349 2266 1534 2301 nostrae
1555 2257 1801 2300 ministeria
1823 2271 1954 2300 exer-

318 2334 467 2379 cendi.
495 2336 610 2377 Nam
635 2335 793 2378 missas
817 2337 1063 2388 celebrare,
1090 2343 1134 2378 et
1156 2337 1347 2378 uerbum
1370 2335 1456 2380 Dei
1479 2335 1754 2392 praedicare,
1781 2340 1825 2377 et
1843 2347 1953 2375 con—

316 2411 538 2455 fessiones
562 2412 762 2456 fidelium
786 2413 958 2465 audire,
986 2420 1031 2457 et
1048 2421 1332 2457 sacramenta
1349 2413 1618 2464 ministrare,
1639 2418 1684 2455 et
1702 2410 1953 2453 doctrinam

318 2488 611 2532 christianam
644 2489 810 2544 ubique
833 2491 997 2534 docere
1025 2489 1228 2546 legitime
1250 2497 1457 2545 possunt,
1483 2496 1570 2532 etc.
1602 2488 1816 2531 Diuinam
1850 2500 1955 2542 pre—

392 2625 401 2645 ¹
454 2626 562 2660 Haec
582 2630 672 2660 sunt
691 2626 811 2660 verba
830 2625 1013 2670 egregiae
1032 2624 1150 2659 animi
1169 2624 1417 2660 demissionis
1437 2630 1476 2660 et
1502 2624 1729 2670 modestiae,
1752 2634 1851 2670 quae
1877 2621 1959 2656 exi-

320 2684 437 2720 miam
456 2684 604 2719 Canisii
624 2684 810 2720 virtutem
829 2684 1010 2730 produnt.
1040 2684 1224 2730 Alioquin
1250 2684 1376 2730 ipsum
1403 2684 1582 2718 Natalem
1602 2688 1745 2718 testem
1769 2683 1960 2717 habemus

319 2743 568 2779 obedientiae
587 2742 911 2790 perfectissimae,
931 2755 1006 2789 qua
1024 2743 1105 2778 suis
1125 2743 1435 2778 moderatoribus
1451 2742 1633 2778 Canisius
1648 2742 1961 2788 obtemperabat,

321 2808 361 2838 et
376 2803 636 2847 reverentiae,
651 2814 726 2850 qua
739 2802 826 2838 illos
841 2814 995 2848 semper
1010 2804 1283 2837 venerabatur.
1301 2802 1362 2838 Cf.
1379 2803 1509 2849 Epist.
1530 2802 1685 2844 Natal.,
1697 2802 1749 2849 ΙΙ,
1769 2810 1850 2847 140,
1866 2806 1962 2843 etc.;

325 2868 365 2898 et
383 2864 742 2906 BRAUNSBERGER,
767 2861 926 2897 canisii
949 2862 1079 2909 epist„
1099 2862 1258 2908 passim.

394 2924 408 2944 ²
460 2922 517 2956 Ex
537 2923 763 2968 archetypo,
783 2933 805 2956 a
824 2920 954 2957 Natali
972 2921 1208 2968 subscripto,
1229 2921 1267 2956 in
1286 2921 1435 2962 codice,
1456 2921 1519 2957 cui
1538 2921 1675 2957 titulus
1700 2921 1877 2956 Litterae
1891 2920 1965 2964 pa-

323 2984 447 3017 tentes
477 2990 711 3027 1545-1599‚
743 2981 889 3028 duplici
915 2979 1000 3022 fol„
1025 2992 1065 3016 n.
1099 2988 1143 3025 45
1169 2981 1244 3025 (15,
1268 2983 1364 3026 195).
1393 2980 1454 3017 Cf.
1481 2980 1749 3023 SAccniNUM,
1782 2980 1856 3014 loc.
1877 2977 1965 3019 cit„

325 3040 393 3076 lib.
415 3041 504 3086 VII,
524 3052 561 3076 n.
587 3048 642 3086 15.
