2101 3348
783 254 829 280 20
859 245 1091 282 FEBRUARH
1120 245 1208 290 1567
1695 247 1770 294 389

175 345 311 397 bene,
343 345 620 389 hauendomi
650 346 904 390 confirmati
928 346 990 404 gli
1013 346 1159 390 ordini
1189 348 1272 391 che
1303 349 1362 390 ho
1395 347 1503 401 dati,
1529 347 1604 404 gia
1626 363 1708 405 per
1729 350 1820 394 due

181 421 357 466 lettere:
384 422 461 478 qui
483 437 573 466 non
597 423 625 464 l’
650 424 709 465 ho
732 424 889 467 uoluto
911 431 1088 469 mutare
1110 438 1191 480 per
1212 425 1255 467 la
1277 439 1412 468 causa
1434 425 1572 469 detta.

273 510 314 541 2.
380 500 469 542 Tre
491 514 518 542 o
547 506 706 556 quatro
736 500 884 557 giomi
913 501 1062 557 doppo
1091 503 1177 544 che
1199 501 1434 558 gionsemo
1462 517 1550 558 qua
1579 504 1636 546 da
1664 503 1814 559 Spita,

186 575 365 618 mandai
386 591 412 618 a
435 576 611 620 Treuiri
633 577 663 619 il
688 580 739 634 Ρ,
767 573 878 621 Μ10.
903 577 1106 621 Α11101110
1127 593 1207 634 per
1229 593 1387 634 sapere
1405 593 1534 624 corne
1552 580 1593 624 le
1611 595 1717 625 cose
1735 596 1818 623 an-

183 652 361 695 dauano
383 667 462 708 per
483 653 528 695 di
551 655 607 706 13,
634 662 678 698 61
706 655 940 699 consolare
969 654 1105 710 quelli
1134 655 1354 711 pouereti,
1379 656 1496 712 dopo
1521 663 1646 700 tanta
1669 657 1815 700 tribu—

181 728 362 781 latione,
387 736 432 772 et
455 730 579 773 accio
601 730 647 773 in
671 746 752 773 sua
774 731 1002 788 presentia
1018 731 1281 775 rinouasero
1302 732 1332 774 li
1358 732 1469 785 uoti,
1490 748 1580 776 non
1604 735 1816 778 hauendo

176 806 222 847 d’
247 807 400 849 andar’
425 807 468 849 io
491 814 616 850 tanto
637 816 791 864 presto
815 809 872 860 13,
899 815 943 852 61
966 808 1152 850 interim
1182 808 1224 851 io
1254 824 1346 851 non
1380 811 1559 854 haueuo
1589 812 1633 853 d’
1660 818 1812 856 atten-

176 883 282 926 dere
310 899 335 926 a
363 884 457 926 dar’
485 884 642 929 ordine
674 886 886 938 alchuno,
919 899 992 927 ma
1025 884 1099 927 alli
1132 885 1365 938 essamini,
1398 886 1695 942 confessioni,
1720 894 1807 931 etc.

176 960 364 1003 Ritorno
385 961 428 1004 la
449 961 603 1018 vigilia
620 962 736 1004 della
754 961 1019 1017 Epiphania,
1041 968 1086 1005 et
1109 961 1156 1003 fu
1179 970 1391 1018 presente
1408 964 1494 1006 3113
1517 965 1812 1009 renouatione

176 1044 327 1081 nostra
350 1038 422 1080 dei
444 1038 555 1081 voti.
577 1040 728 1081 Trouo
757 1039 799 1080 13
822 1038 911 1081 6113
934 1052 1069 1081 senza
1087 1045 1230 1094 peste,
1254 1053 1325 1081 ma
1344 1054 1433 1081 non
1451 1041 1476 1083 e
1494 1042 1705 1086 acordata
1728 1057 1785 1085 an
1804 1068 1812 1073 -

173 1129 279 1157 cora
300 1129 385 1157 con
402 1115 431 1157 l'
456 1115 762 1157 arciuescouo.
790 1114 950 1158 Lascio
975 1115 1169 1157 alchune
1191 1117 1335 1170 poche
1355 1130 1459 1160 cose
1477 1117 1522 1158 d’
1542 1118 1700 1162 ordine
1718 1118 1810 1161 mio

177 1191 234 1244 la,
260 1191 306 1234 in
329 1198 453 1235 tanto
479 1190 550 1234 ch’
582 1191 624 1233 io
647 1191 779 1242 vado,
805 1199 850 1234 et
882 1191 1101 1234 consolati
1137 1191 1167 1234 il
1201 1193 1254 1234 P.
1281 1193 1514 1235 Hermano
1553 1200 1598 1236 et
1637 1195 1742 1237 tutti
1780 1195 1811 1237 11

178 1268 312 1311 Ρ3(111
329 1274 374 1311 61
397 1268 572 1321 fratelli3
593 1275 638 1312 et
656 1269 772 1312 nella
790 1268 1034 1312 medesima
1051 1268 1344 1325 dispositione
1362 1270 1560 1326 sapiamo
1578 1272 1663 1315 che
1682 1280 1811 1314 stano

176 1345 348 1388 adesso.

261 1435 301 1476 3,
367 1422 410 1465 A
434 1421 563 1478 Spira
585 1421 621 1464 si
644 1422 883 1466 recordara
904 1423 943 1464 13
970 1424 1022 1465 Ρ.
1045 1424 1102 1466 V.
1124 1425 1208 1466 che
1225 1423 1376 1466 lasciai
1401 1424 1488 1466 co'l
1507 1425 1557 1466 P.
1578 1425 1772 1468 Hermes
1798 1427 1806 1446 ¹

171 1498 243 1541 doi
268 1498 444 1541 fratelli:
471 1513 534 1541 un
562 1499 822 1542 coadiutore
853 1500 1115 1556 temporale,
1149 1508 1194 1542 et
1222 1515 1284 1542 vn
1316 1507 1511 1544 maestro
1541 1502 1590 1542 in
1619 1502 1809 1554 artibus,

169 1576 386 1618 scholare:
413 1575 533 1632 dipoi
555 1576 585 1618 li
608 1576 785 1618 mandai
811 1591 870 1618 un
903 1577 1154 1630 sacerdote,
1181 1579 1265 1620 6116
1288 1592 1362 1621 613
1386 1578 1641 1621 necessario
1664 1593 1745 1634 per
1768 1579 1810 1622 le

167 1667 250 1697 sue
271 1652 562 1705 confessioni,
589 1661 633 1697 et
656 1667 769 1696 anco
792 1668 871 1709 per
894 1653 1084 1697 aiutarlo
1108 1655 1225 1699 nelle
1257 1669 1361 1697 cose
1384 1654 1429 1697 di
1453 1669 1570 1698 casa.
1598 1656 1803 1699 Succede

170 1730 308 1773 molto
331 1731 446 1774 bene
470 1732 583 1774 Mro.
611 1731 803 1775 Hermes
826 1732 899 1773 nel
928 1733 1137 1788 guberno
1159 1731 1204 1774 di
1228 1746 1330 1775 casa
1353 1739 1397 1774 et
1429 1732 1546 1775 nelle
1570 1732 1797 1787 prediche,

169 1813 214 1850 et
236 1807 279 1850 io
300 1815 371 1850 sto
395 1808 533 1850 molto
556 1799 769 1851 contento
791 1807 835 1849 di
859 1807 938 1862 lui,
963 1815 1008 1851 et
1032 1808 1152 1851 tutti:
1179 1808 1209 1850 il
1231 1808 1425 1864 Signore
1442 1809 1472 1850 l’
1493 1808 1618 1851 aiuti.
1647 1810 1802 1852 Inten-

168 1883 316 1927 diamo
334 1886 417 1928 che
435 1885 460 1927 6
477 1885 613 1927 1110110
637 1892 785 1941 grato,
808 1893 852 1929 et
868 1886 927 1928 ha
944 1885 1083 1927 molto
1099 1899 1316 1927 concorso
1335 1885 1451 1928 nelle
1469 1900 1551 1928 sue
1570 1885 1799 1941 prediche,

168 1967 213 2005 et
233 1961 264 2003 li
287 1961 390 2004 fano
412 1963 550 2004 molto
568 1963 741 2005 honore
760 1961 896 2017 quelli
913 1961 1100 2018 signori.
1122 1963 1155 2004 Il
1174 1962 1367 2017 capitolo
1390 1968 1435 2006 et
1458 1961 1487 2003 li
1511 1961 1716 2005 canonici
1741 1962 1805 2004 mi

165 2038 440 2081 mandarono
463 2039 540 2094 qui
562 2054 641 2094 per
663 2039 842 2095 proprio
866 2039 1033 2082 nuncio
1066 2053 1092 2082 3
1127 2039 1377 2081 dimandar'
1408 2038 1803 2094 particolarrnente

161 2130 291 2158 601116
312 2118 348 2158 s’
380 2118 559 2159 haueua
582 2132 607 2159 3
632 2118 712 2159 far'
733 2117 762 2158 1³
783 2115 1060 2173 obligatione
1078 2123 1122 2161 et
1141 2116 1404 2159 fundatione
1421 2116 1466 2159 di
1484 2117 1588 2172 quel
1610 2116 1804 2173 collegio

161 2193 207 2236 di
230 2193 381 2250 spira:
415 2194 457 2236 io
479 2195 522 2237 la
550 2194 745 2246 mandai,
781 2194 978 2237 secondo
1001 2195 1150 2249 quella
1176 2196 1260 2238 che
1283 2194 1319 2237 si
1342 2195 1446 2237 dete
1475 2194 1516 2237 al
1537 2208 1735 2237 vescouo
1758 2195 1803 2236 di

164 2270 417 2327 Herbipoli.
458 2271 593 2327 Dipoi
631 2274 690 2315 ho
718 2279 883 2328 saputo
914 2272 988 2315 dal
1018 2274 1070 2315 Ρ.
1104 2274 1217 2316 Μ10.
1252 2273 1445 2316 Hermes
1478 2274 1562 2314 che
1590 2274 1648 2314 ha
1675 2273 1801 2314 detto

161 2347 194 2389 il
216 2348 387 2392 decano
410 2355 455 2390 et
482 2349 512 2390 il
540 2349 809 2392 scholastico
833 2350 847 2369 ‘²
873 2351 956 2392 che
985 2350 1026 2392 le
1057 2363 1162 2394 cose
1192 2364 1331 2394 erano
1361 2350 1575 2392 concluse
1604 2350 1800 2393 secondo

163 2425 249 2468 che
271 2425 313 2467 la
334 2433 487 2468 nostra
516 2426 727 2469 scrittura
756 2427 1004 2469 mandataa
1029 2426 1212 2480 diceua‚
1246 2434 1291 2470 et
1319 2429 1403 2469 che
1432 2441 1523 2469 non
1559 2428 1799 2470 haueuano

162 2501 239 2557 gia
261 2502 473 2545 difficolta
491 2503 699 2556 alchuna,
720 2518 769 2546 se
786 2518 877 2546 non
894 2503 940 2545 in
957 2510 1138 2546 trouare
1159 2503 1270 2548 certi
1288 2502 1445 2559 luoghi
1463 2517 1542 2559 per
1564 2503 1797 2559 assignare

164 2579 207 2620 la
229 2579 404 2622 rendita
426 2581 566 2623 ferma
589 2588 634 2623 et
655 2580 825 2632 sicura,
859 2588 904 2623 et
935 2582 1018 2623 che
1047 2581 1418 2625 mandarebbono
1446 2595 1472 2623 a
1500 2596 1571 2624 me
1599 2580 1629 2622 il
1658 2587 1792 2633 tutto,

160 2655 316 2698 auanti
338 2655 383 2698 di
404 2656 631 2699 mandarsi
654 2671 679 2699 a
701 2658 861 2700 Roma.
894 2658 928 2700 Il
950 2657 1146 2714 Signore
1172 2657 1300 2714 guidi
1329 2657 1359 2699 il
1387 2664 1504 2700 tutto
1532 2672 1558 2700 a
1584 2656 1795 2714 maggior

159 2731 302 2787 gloria
323 2733 378 2776 de
401 2748 483 2776 sua
505 2733 659 2776 diuina
682 2736 790 2777 Mta.

246 2822 288 2863 4.
353 2809 489 2865 Dipoi
511 2811 567 2853 de
590 2810 795 2853 renouati
818 2811 848 2853 11
870 2810 965 2854 voti
987 2824 1091 2866 qua,
1113 2818 1157 2855 et
1180 2812 1334 2854 hauer'
1354 2811 1447 2854 dati
1465 2809 1646 2854 alchuni
1665 2809 1789 2866 gior-

226 2951 246 2971 ἃ
284 2945 467 2992 Sequitur
485 2947 519 2981 si
538 2947 787 2982 obliteratum
807 2959 828 2982 a
847 2947 938 2984 libr.

235 3056 245 3075 ¹
296 3055 523 3102 Halpawer.
906 3062 921 3080 “-’
972 3057 1073 3093 Vide
1090 3069 1220 3104 supra,
1245 3069 1337 3104 pag.
1361 3056 1444 3101 368,
1464 3061 1598 3092 annot.
1623 3054 1663 3090 3.
