2101 3348
421 252 494 288 224
850 243 986 278 EPJST.
1016 243 1059 277 P.
1088 242 1357 287 NADAL-425
1381 250 1435 277 ET
1460 241 1532 287 426

375 350 526 388 mente
548 358 629 386 sua
657 343 911 386 santissima
939 344 1137 385 volonta.
1173 344 1339 385 Amen.
1367 345 1437 386 Da
1467 343 1718 397 Olomutio,
1760 345 1833 388 alli
1872 358 1926 400 27
1959 348 2008 390 d’

370 423 548 476 Agosto
577 420 699 474 1566.
723 421 781 462 D.
809 421 861 462 Ρ.
889 421 946 462 V.
974 433 1107 462 seruo
1137 435 1194 463 en
1218 419 1320 471 X.⁰,
1608 418 1611 421 ’

1452 502 1481 559 †
1514 504 1698 619 NAgsAL.
1735 504 1765 562 †

453 651 695 705 Inscriptio
719 652 768 692 in
791 655 957 706 quarta
972 652 1171 707 pagina:
1186 652 1318 708 Jhus.
1345 652 1405 694 Al
1427 652 1567 694 molto
1597 652 1710 696 Rdo.
1744 654 1892 698 Padre
1915 669 2000 697 no·-

363 736 454 770 stro
478 727 522 769 in
551 727 733 770 Christo
761 727 792 769 il
822 729 875 770 Ρ.
917 729 1170 770 Franeeseo
1207 729 1263 771 de
1298 728 1481 784 Borgia,
1518 729 1747 785 preposito
1785 732 2003 786 generale

362 805 478 848 della
501 804 783 860 Compagnia
805 805 861 847 de
877 806 988 862 Jessi
1010 812 1097 848 etc.
1119 805 1148 861 η’-
1166 807 1323 848 Roma.
1352 806 1459 848 Alia
1476 820 1634 848 manu:
1652 806 1705 849 C.
1734 808 1861 861 1566.
1885 807 2000 851 Olo-

362 881 518 924 mutio.
547 884 599 924 P.
626 882 803 934 Natale,
827 893 881 936 27
904 882 949 924 di
972 883 1166 938 Agosto.
1198 883 1450 939 Vestigium
1473 883 1639 939 sigilli.

1119 994 1239 1034 4⁶25

823 1078 867 1114 S.
900 1077 1231 1114 FRANCISCUS
1259 1079 1328 1113 DE
1354 1077 1525 1124 BORJA

742 1145 928 1187 PATRI
977 1145 1353 1188 HIERONYMO
1402 1141 1622 1188 NADAL

878 1229 1044 1265 ROMAE,
1064 1219 1110 1255 30
1130 1229 1313 1256 AUGUSTI
1335 1220 1425 1265 1566
1449 1221 1473 1256 ¹.

361 1286 535 1321 Litterae
553 1287 670 1321 datae
692 1284 879 1333 Georgio,
903 1286 1037 1327 Petro,
1061 1285 1356 1332 Clzristophoro‚
1369 1286 1527 1332 Joanm'
1546 1289 1583 1322 et
1592 1286 1742 1332 jacobo
1761 1288 1804 1322 in
1827 1286 1997 1322 Germa-

957 1346 1068 1380 niam
1089 1345 1219 1379 Roma
1236 1340 1384 1380 missis.

450 1426 544 1466 Pax
563 1423 666 1479 Xpi.
690 1432 776 1467 etc.
799 1424 941 1467 Molto
960 1424 1072 1466 Rdo.
1096 1423 1141 1465 in
1164 1423 1249 1467 X.⁰
1274 1424 1436 1467 Padre.
1459 1423 1511 1467 Li
1530 1423 1748 1480 portatori
1772 1424 1816 1466 di
1835 1431 1996 1479 questa

361 1515 553 1544 saranno
577 1501 606 1542 il
631 1502 682 1543 P.
710 1500 929 1556 Georgio,
956 1501 1143 1544 todesco
1167 1501 1200 1553 ²²,
1226 1499 1413 1543 insieme
1436 1501 1506 1543 eol
1528 1501 1705 1544 fratello
1730 1500 1899 1553 Pietro,
1925 1501 1970 1544 1ο
1988 1527 1997 1533 ·

359 1578 598 1631 uaniense,
635 1577 934 1630 Christoforo‚
971 1579 1171 1629 todesco,
1208 1577 1475 1629 Giouanne,
1511 1577 1702 1634 inglese,
1735 1585 1780 1621 et
1803 1579 1993 1635 Jacobo,

358 1669 606 1711 genuense,
632 1655 661 1696 il
685 1656 816 1710 quale
839 1670 896 1698 ua
917 1669 997 1710 per
1026 1669 1357 1711 acompagnare
1385 1661 1429 1697 et
1457 1655 1629 1698 aiutare
1651 1656 1707 1698 V.
1736 1656 1810 1707 R.,
1836 1670 1994 1700 essen-

356 1732 453 1776 dosi
476 1733 666 1775 amalato
689 1732 719 1774 il
743 1734 795 1775 P.
821 1732 925 1776 Gio.
946 1733 1117 1790 Jacobo
1141 1734 1282 1775 Basso
1301 1733 1332 1784 ⁵,
1359 1731 1388 1774 il
1411 1733 1543 1787 quale
1565 1733 1697 1787 pero,
1729 1746 1778 1774 se
1810 1733 1993 1792 quando

355 1809 645 1852 arriuaranno
668 1825 692 1852 a
716 1811 879 1852 Loreto
907 1812 1027 1853 stara
1056 1824 1181 1861 sano,
1207 1809 1375 1851 andara
1403 1808 1449 1852 in
1478 1809 1617 1865 luogo
1646 1808 1690 1851 di
1713 1810 1901 1866 Jacobo.
1929 1810 1989 1854 Se

355 1886 602 1942 agiongera
624 1902 649 1929 a
671 1886 734 1942 gli
757 1887 857 1929 altri
886 1886 932 1929 in
965 1888 1171 1942 Bologna
1199 1887 1229 1928 il
1259 1887 1434 1929 fratello
1465 1888 1598 1929 Mtro.
1632 1886 1838 1938 Matthia,
1865 1887 1988 1929 colo-

354 1963 526 2017 niense,
547 1964 576 2005 il
594 1965 725 2019 quale
743 1966 767 2007 6
790 1979 851 2006 un
870 1972 1089 2020 suggetto
1108 1965 1247 2006 molto
1265 1965 1417 2006 buono
1440 1970 1484 2007 et
1509 1963 1727 2015 uirtuoso,
1750 1979 1821 2006 ma
1838 1979 1932 2007 non
1951 1963 1988 2007 si

354 2048 483 2083 troua
505 2056 613 2083 sano
636 2041 680 2083 in
704 2042 843 2084 Italia.
871 2044 940 2085 De
964 2042 1027 2097 gli
1050 2041 1150 2084 altri
1173 2043 1257 2084 che
1285 2056 1437 2084 uanno
1466 2042 1535 2083 col
1553 2042 1617 2084 P..
1645 2041 1874 2097 Gregorio
1893 2041 1925 2093 ¹⁴,
1951 2041 1989 2084 si

352 2118 500 2162 seriue
531 2126 683 2173 aparte
703 2121 732 2160 ³.
767 2118 893 2161 Tutti
916 2118 956 2161 ci
980 2120 1354 2161 raccomandamo
1371 2119 1488 2162 nelle
1505 2118 1697 2161 orationi
1716 2126 1761 2163 et
1779 2118 1987 2161 sacrificii

355 2194 399 2236 di
424 2197 480 2238 V.
508 2197 561 2238 R.
589 2203 674 2239 etc.
701 2196 759 2238 Di
782 2197 939 2248 Roma,
961 2196 990 2237 li
1015 2210 1070 2250 30
1093 2196 1138 2238 di
1156 2197 1350 2252 Agosto,
1384 2197 1510 2250 1566.

1112 2302 1234 2341 426

818 2372 858 2407 S.
889 2372 1218 2409 FRANCISCUS
1249 2372 1320 2407 DE
1348 2371 1518 2417 BORJA

726 2439 910 2480 PATRI
959 2439 1334 2481 HIERONYMO
1382 2439 1600 2481 NADAL

869 2523 1034 2558 ROMAE,
1054 2514 1100 2550 30
1120 2523 1301 2550 AUGUSTI
1323 2514 1414 2559 1566
1432 2516 1460 2549 ⁶.

409 2579 586 2614 Litterae
605 2580 722 2614 datae
742 2580 794 2615 P.
823 2578 1020 2626 Gregorio
1040 2579 1207 2626 Rosessso
1225 2583 1260 2615 et
1277 2580 1393 2615 sociis
1410 2580 1541 2615 missis
1560 2580 1603 2615 in
1626 2579 1911 2616 Germaniam.

438 2658 537 2700 Pax
559 2656 633 2699 X}
662 2657 802 2699 Molto
824 2657 937 2699 Rdo.
964 2657 1009 2698 in
1032 2659 1116 2699 ΚΡ
1142 2659 1303 2701 Padre.
1327 2657 1377 2700 Li
1396 2657 1611 2713 portatori
1629 2658 1674 2700 di
1692 2665 1851 2713 questa
1869 2672 1982 2701 sono

419 2819 428 2837 ¹
481 2817 539 2850 Ex
557 2816 746 2861 Regesto,
769 2815 863 2851 Cod.
887 2815 997 2862 33f),
1019 2815 1087 2850 fol.
1118 2825 1201 2860 170.
1227 2817 1270 2851 ln
1290 2816 1479 2861 margine:
1501 2817 1550 2853 P.
1572 2817 1716 2853 Natal.

417 2878 431 2896 ‘-‘
483 2874 623 2909 Bader.
651 2874 750 2909 Vide
770 2886 859 2920 pag.
882 2883 962 2920 159,
983 2881 1112 2909 annot.
1135 2873 1172 2910 3.
1372 2876 1385 2896 ⁵
1436 2875 1536 2911 Vide
1555 2876 1669 2922 epist.
1689 2885 1774 2921 422,
1794 2888 1835 2912 n.
1861 2884 1896 2921 5.

418 2936 432 2955 '⁴
482 2934 693 2969 Roseffius.
1370 2936 1383 2955 ⁵
1433 2934 1533 2970 Vide
1552 2934 1666 2981 epist.
1687 2940 1929 2982 sequentem.

415 2994 430 3016 ⁶
479 2994 537 3028 Ex
555 2994 741 3038 Regesto,
764 2991 858 3027 Cod.
882 2991 994 3038 33f),
1014 2991 1085 3028 fol.
1114 3001 1191 3045 170.
1214 2993 1257 3027 In
1283 2993 1471 3039 margine:
1499 2994 1641 3029 Eidem
1667 2993 1844 3040 [Natalij.
1876 2993 1979 3029 Vide

343 3053 459 3100 epist.
481 3052 793 3099 praecedentem.
