2101 3348
808 218 832 253 4
858 208 959 251 MAJ1
989 208 1080 252 1566
1666 206 1712 252 89

127 313 173 356 in
193 310 380 368 imperio
402 310 694 353 confirmatae
717 310 917 363 fuerunt,
944 309 990 353 in
1013 312 1099 354 hoc
1121 309 1219 367 ipso
1242 324 1424 355 recessu
1446 324 1626 352 rursum
1648 323 1759 352 con-

127 390 426 440 firmarentur,
459 402 516 430 an
546 386 730 441 idcirco,
756 387 877 442 quod
906 388 962 430 ad
990 387 1238 430 catholicos
1259 387 1441 440 attinet,
1467 386 1758 443 dogmatibus

126 465 301 521 concilij
327 464 557 509 tridentini
579 464 987 521 praejudicaretur?

215 544 385 586 Contra
412 541 548 584 huius
570 541 758 596 concilij,
777 542 1015 597 dogmata,
1042 555 1159 595 quae
1187 541 1293 585 fidei
1321 556 1420 586 esse
1442 542 1754 599 intelligimus,

126 620 222 665 fieri
246 620 317 664 uel
339 618 636 675 praeiudicari
658 633 749 661 non
771 617 968 669 videtur,
995 617 1032 660 si
1055 633 1144 673 pax
1165 617 1212 660 in
1235 618 1543 674 superioribus
1566 620 1755 664 recessi-

125 700 209 741 bus
232 697 493 749 constituta,
518 709 640 738 nunc
663 695 824 739 iterum
847 695 1205 747 confirmaretur,
1231 696 1340 737 dum
1368 697 1639 740 Germaniae
1661 705 1757 740 sta-

123 782 193 819 tus
215 774 261 817 in
285 774 352 817 his
376 773 511 827 tantis
533 772 728 829 dissidijs
750 772 952 829 grauiter
973 787 1081 815 sane
1104 773 1291 815 laborat.

207 851 382 911 Deinde
403 851 440 894 si
464 851 666 895 adiectae
688 850 794 892 huic
815 849 914 905 paci
937 849 1218 893 conditiones
1241 851 1570 906 expendantur,
1596 851 1756 896 viden-

119 938 191 973 tur
221 929 323 973 illae
359 943 516 972 omnes
548 935 755 971 constare
791 942 895 970 cum
927 926 1059 970 dictis
1092 927 1381 983 dogmatibus
1419 927 1619 983 concilij,
1652 943 1754 971 cum

119 1021 271 1052 earum
294 1007 417 1048 nulla
439 1012 596 1048 contra
617 1004 889 1048 catholicum
913 1005 1097 1060 dogma,
1129 1004 1175 1046 in
1198 1005 1357 1048 eodem
1380 1004 1569 1047 concilio
1593 1005 1752 1049 defini-

123 1073 232 1136 tum,
258 1085 405 1126 facere
427 1083 649 1125 uideatur.
677 1083 727 1124 In
750 1082 915 1136 quibus
937 1081 1119 1137 quidem
1148 1081 1484 1125 conditionibus
1507 1081 1627 1125 aliud
1656 1096 1755 1126 esse

121 1161 229 1204 nihil
264 1160 580 1216 intelligimus,
612 1166 927 1215 praeterquam
957 1158 1318 1215 permissionem,
1350 1158 1753 1202 dissimulationem

119 1237 449 1283 ecclesiasticae
464 1235 802 1289 iurisdictionis,
816 1250 869 1279 ac
882 1236 992 1279 iuris
1006 1236 1141 1279 etiam
1156 1234 1548 1292 imperialis'debiti
1561 1250 1753 1292 suspen-

118 1316 306 1360 sionem.
335 1316 466 1370 Quae
488 1314 651 1366 media,
679 1315 735 1357 ab
759 1313 1030 1369 aduersarijs
1053 1315 1256 1367 obtrusa,
1282 1313 1450 1356 idcirco
1473 1328 1499 1356 a
1521 1313 1754 1356 catholicis

117 1399 347 1449 acceptata
370 1392 596 1444 videntur,
623 1399 673 1434 ut
695 1392 836 1435 durae
858 1398 902 1434 et
925 1390 1177 1434 ineuitabili
1198 1390 1457 1434 necessitati
1480 1397 1749 1446 temporum,

116 1478 161 1513 et
178 1469 468 1513 sectariorum
485 1467 787 1524 peruersitati,
804 1468 859 1511 ad
877 1475 1057 1523 tempus
1072 1469 1275 1520 cedatur3
1293 1474 1433 1523 utque
1448 1467 1618 1510 maiora
1635 1469 1753 1510 mala

116 1546 359 1598 euitentur,
380 1561 485 1589 cum
503 1545 802 1602 grauissimus
823 1552 987 1597 metus,
1009 1544 1086 1600 qui
1104 1544 1151 1587 in
1167 1545 1291 1587 viros
1309 1551 1572 1589 constantes
1591 1546 1754 1588 cadere

116 1631 305 1680 poterat,
330 1623 438 1680 ipsis
462 1623 694 1667 uideretur
717 1623 918 1678 consilijs
941 1622 1203 1667 melioribus
1220 1623 1369 1666 locum
1388 1637 1478 1665 non
1499 1623 1748 1678 reliquisse.

203 1702 429 1757 Quoniam
447 1716 556 1744 uero
573 1701 817 1744 nonnullae
835 1700 1115 1757 suspiciones
1133 1708 1178 1744 et
1200 1700 1590 1756 praesumptiones
1608 1700 1752 1743 malae

116 1779 370 1822 huiusmodi
382 1778 482 1835 paci
496 1778 684 1834 eiusque
699 1777 1035 1821 conditionibus
1048 1785 1238 1834 possunt
1254 1777 1435 1833 opponi,
1451 1793 1508 1821 ne
1522 1784 1753 1833 praeterea

118 1855 307 1899 concilio
325 1856 571 1899 tridentino
590 1855 764 1899 ratione
782 1856 873 1898 ulla
890 1854 1188 1911 praeiudicari
1202 1854 1425 1906 videatur,
1442 1855 1575 1897 ualde
1591 1862 1753 1910 optan—

116 1933 222 1975 dum
245 1940 289 1977 et
312 1933 494 1976 omnino
517 1934 769 1976 curandum
802 1932 1002 1984 uidetur,
1028 1940 1079 1974 ut
1109 1932 1155 1974 in
1183 1934 1270 1974 hoc
1298 1939 1526 1988 postremo
1550 1946 1749 1982 recessu,

116 2024 217 2053 curn
255 2010 466 2053 catholici
504 2010 669 2054 dictam
703 2024 859 2066 pacem
898 2011 1164 2053 confirmare
1196 2009 1425 2053 uoluerint
1438 2045 1448 2065 ‚
1491 2024 1750 2065 expressam

113 2087 385 2131 mentionem
408 2095 453 2131 et
470 2087 798 2144 professionem
822 2087 989 2130 faciant
1011 2088 1277 2144 dogmatum
1300 2086 1476 2141 concilij
1497 2085 1747 2130 tridentini.

201 2166 359 2221 Neque
382 2180 539 2221 parum
563 2166 699 2209 refert
722 2165 854 2217 illud,
881 2172 946 2218 ut,
974 2179 1090 2220 quae
1112 2171 1371 2208 statuentur
1393 2165 1449 2208 de
1472 2178 1599 2220 pace,
1626 2164 1749 2206 affir-

115 2242 300 2295 matiue,
326 2242 498 2298 reliqua
520 2256 629 2286 uero
657 2243 712 2285 de
744 2242 1102 2295 conditionibus,
1129 2241 1294 2297 quibus
1322 2240 1533 2284 catholici
1564 2240 1751 2297 grauari

116 2318 404 2372 videbuntur,
430 2334 521 2362 non
543 2319 629 2363 nisi
657 2319 873 2376 negatiue
904 2318 1222 2371 enuncientur,
1249 2325 1299 2361 ut
1331 2318 1499 2362 factum
1530 2316 1748 2373 permitti,

116 2411 208 2439 non
240 2396 310 2440 ius
344 2398 417 2441 uel
450 2397 655 2452 potentia
691 2396 829 2439 statui
865 2396 1088 2440 videatur.
1125 2396 1202 2440 Sic
1240 2395 1360 2438 enim
1398 2402 1521 2439 recte
1558 2394 1750 2437 dicetur:

116 2487 270 2528 pacem
291 2474 590 2527 seruabimus,
617 2480 902 2530 augustanae
923 2473 1220 2516 confessionis
1248 2472 1454 2515 homines
1488 2487 1579 2514 non
1608 2472 1751 2514 mole—

115 2550 347 2603 stabimus,
373 2550 729 2594 iurisdictionem
752 2565 843 2593 non
866 2550 1194 2604 exercebimus,
1221 2557 1370 2593 stante
1393 2564 1504 2605 pace
1525 2557 1614 2592 etc.

114 2672 175 2702 tus
193 2669 397 2714 augustani
415 2669 704 2705 informaretur.
726 2669 878 2716 Scripta
899 2676 988 2705 sunt
1009 2669 1137 2705 omnia
1156 2670 1205 2704 ab
1225 2668 1363 2704 eodem
1378 2668 1529 2704 Natalis
1544 2678 1751 2703 amanuen-

113 2737 155 2761 se
173 2726 218 2762 P.
243 2728 433 2773 Jimenez,
453 2728 622 2775 demptis
641 2729 717 2764 illis
735 2728 1094 2776 protestationibus,
1118 2728 1166 2763 ad
1183 2728 1301 2763 finem
1321 2727 1564 2774 singulorum
1590 2726 1750 2772 scripto·

108 2796 192 2820 rum
210 2786 364 2833 additis,
384 2798 462 2823 sc.:
483 2788 593 2823 Haec
617 2801 642 2823 a
662 2789 770 2823 nobis
797 2789 904 2824 dicta
928 2789 1009 2823 sint
1027 2791 1063 2824 et
1081 2787 1254 2834 subjecta
1275 2790 1507 2823 reuerenter
1527 2787 1570 2822 S.
1595 2785 1752 2821 domini

111 2846 240 2881 nostri
262 2849 298 2881 et
324 2847 368 2883 S.
396 2848 499 2882 sedis
530 2848 836 2895 apostolicae...
867 2853 947 2884 etc.
982 2859 1081 2895 quae
1107 2852 1199 2883 sunt
1224 2846 1373 2882 Canisii
1399 2859 1514 2882 manu
1546 2850 1743 2881 exaratae.

112 2902 425 2951 Subscriptiones
451 2906 615 2948 Natalis,
648 2906 795 2942 Canisii
821 2912 861 2942 et
891 2907 1106 2942 Ledesmae
1137 2911 1227 2942 sunt
1259 2907 1541 2952 autographae.
1572 2903 1680 2939 Folia
1711 2908 1750 2937 et

113 2962 272 3008 paginas
296 2965 467 3000 numeris
492 2965 747 3002 crassioribus
772 2972 968 3002 notamus.
998 2967 1043 3002 In
1069 2965 1242 3011 margine
1270 2965 1384 3012 primi
1410 2962 1650 3008 documenti,
1675 2961 1751 2997 alia

114 3032 243 3057 manu:
265 3033 289 3067 4
308 3023 412 3070 Maji
429 3024 542 3068 1566.
