2101 3348
369 219 438 264 796
940 216 1080 250 EP18T.
1107 215 1150 248 P.
1181 214 1329 249 NADAL

321 319 503 376 rogauit
525 319 671 375 plane,
704 325 755 360 ut
786 324 997 360 uotorum
1034 316 1220 359 uincula
1252 315 1337 371 ipsi
1370 315 1608 359 soluerem.
1635 315 1741 358 Dixi
1773 315 1819 357 in
1851 329 1952 358 mea

318 385 543 445 potestate
566 377 610 420 id
633 392 724 420 non
746 391 860 420 esse
888 375 1116 442 Quoniam
1140 389 1250 417 uero
1274 389 1425 418 meum
1448 375 1504 416 de
1532 374 1608 415 illo
1630 374 1840 417 iuditium
1876 389 1950 418 re-

321 437 456 493 quirit
480 440 536 480 Ρ.
565 439 679 489 Tua,
707 451 863 492 parum
885 442 1018 491 aptus
1047 434 1154 477 mihi
1187 433 1368 477 uidetur
1399 432 1504 476 huic
1537 432 1760 485 instituto,
1793 440 1837 476 et
1871 433 1948 488 qui

317 496 629 553 superioribus
652 496 781 539 annis
812 494 1053 539 Societatis
1082 500 1239 537 nostre
1261 492 1437 549 spiritui
1467 493 1583 535 male
1611 507 1659 535 se
1691 494 1951 535 conforma-

321 556 403 609 uit,
429 563 601 599 amator
622 555 841 599 licentiae.
864 553 1035 610 Scripsi
1052 555 1108 596 de
1131 553 1206 596 illo
1229 567 1408 608 quoque
1431 552 1488 594 ad
1513 554 1562 595 P.
1587 551 1886 596 uisitatorem.

1094 685 1189 726 LIII

554 775 621 809 EX
648 773 887 808 LITTERIS
915 772 1115 808 ANNUIS
1143 771 1391 809 COLLEGII
1418 769 1724 807 MOGUNTINI

753 856 1035 913 Moguntiae,
1067 869 1116 910 13
1136 854 1338 911 Augusti
1362 855 1471 909 1567
1495 857 1522 897 ¹.

653 945 878 993 Collegium
897 944 1184 992 moguntinum
1204 956 1228 979 a
1247 943 1391 979 Natali
1408 944 1623 978 lustratur.

410 1030 587 1074 Profuit
605 1031 662 1072 ad
680 1031 768 1072 hoc
786 1029 864 1086 [sc.
886 1029 1086 1072 studium
1105 1027 1298 1085 virtutis]
1315 1029 1507 1070 multum
1526 1042 1576 1070 ac
1591 1027 1668 1069 diu
1688 1033 1953 1083 expectatus

321 1092 373 1134 R.
398 1092 450 1133 P..
477 1090 650 1133 Natalis
679 1090 926 1141 aduentUS,
963 1104 1017 1132 ex
1047 1103 1136 1143 quo
1166 1087 1386 1143 plurimus
1419 1087 1525 1129 huic
1556 1087 1748 1143 collegio
1778 1087 1954 1128 fructus

320 1149 524 1193 accessit.
554 1150 730 1192 Etenim
755 1156 856 1204 post
878 1149 1057 1191 sedulas
1081 1162 1134 1190 ac
1157 1147 1399 1202 diligentes
1428 1148 1483 1190 de
1513 1154 1693 1190 nostrae
1715 1145 1956 1190 Societatis

321 1209 547 1261 instituto,
584 1210 695 1261 fine,
731 1207 934 1264 personis
966 1215 1010 1249 et
1044 1207 1318 1249 ornamentis
1355 1205 1715 1257 exhortatione-s,
1752 1205 1952 1247 omniurn

319 1269 455 1313 etiam
479 1268 785 1311 confessiones
807 1266 996 1318 audiuit,
1024 1273 1068 1310 et
1091 1266 1308 1318 remedia,
1334 1273 1469 1321 prout
1501 1265 1665 1320 cuique
1693 1279 1808 1320 opus
1837 1271 1950 1318 erat,

320 1335 476 1371 contra
500 1329 679 1370 morbos
703 1326 1066 1381 praesentissima
1088 1326 1225 1368 dedit.
1249 1327 1367 1369 Vota
1389 1325 1590 1367 omnium
1615 1324 1830 1379 suscepit,
1850 1323 1955 1365 vni-

320 1388 486 1442 cuique
523 1402 605 1430 sua
642 1386 781 1429 offitia
818 1386 974 1428 ordine
1011 1385 1326 1428 decentissimo
1365 1384 1607 1426 distribuit.
1646 1383 1952 1428 Scholasticas

322 1447 681 1490 concertationes
711 1454 755 1490 et
784 1445 1131 1489 exercitationes
1164 1446 1219 1487 ad
1252 1459 1453 1487 normam
1489 1451 1532 1487 et
1565 1444 1748 1485 modum
1782 1442 1956 1485 romani

321 1506 517 1562 collegii
539 1514 758 1572 quantum
778 1505 872 1547 fieri
891 1513 1051 1560 potuit
1074 1504 1285 1547 traduxit.
1315 1504 1544 1570 Ouodque
1562 1502 1705 1545 maius
1724 1508 1808 1554 est,
1830 1501 1957 1544 hisce

323 1565 533 1608 omnibus
556 1566 709 1607 viuum
734 1566 990 1620 exemplum
1014 1563 1300 1619 prudentiae,
1328 1563 1507 1617 pietatis
1531 1576 1582 1605 ac
1607 1577 1742 1605 uerae
1764 1561 1954 1617 religio

323 1625 392 1667 nis
423 1625 619 1680 seipsum
653 1624 781 1667 nobis
816 1624 1026 1667 omnibus
1059 1623 1280 1667 exhibuit
1313 1622 1442 1665 Faxit
1475 1624 1600 1665 Deus
1629 1629 1720 1677 opt.
1754 1636 1872 1663 max
1900 1627 1953 1662 ut

321 1684 453 1727 cuius
480 1684 610 1727 nobis
638 1684 698 1727 ita
727 1683 980 1739 praesentia
1018 1683 1207 1739 placuit,
1243 1683 1340 1725 eius
1379 1682 1471 1724 uita
1504 1681 1657 1724 multis
1691 1680 1821 1723 annis
1851 1694 1954 1736 per-

325 1745 542 1787 fruamur.

1095 1855 1194 1898 LIV

739 1944 787 1980 S.
817 1943 1200 1980 FRANCISCUS
1236 1944 1310 1978 DE
1343 1942 1541 1988 BORJA

858 2036 1014 2066 BEATO
1049 2035 1203 2065 PETRO
1240 2034 1432 2065 CANISIO

799 2113 985 2163 Romae,
1013 2123 1066 2166 23
1086 2110 1290 2167 Augusti
1320 2110 1428 2164 1567
1449 2110 1481 2151 ².

730 2200 790 2235 De
809 2201 969 2247 collegiz
985 2200 1268 2245 herbipolensis
1286 2199 1552 2234 institutzone.

411 2279 596 2333 Quanto
619 2279 660 2320 al
684 2292 775 2334 neg
781 2278 879 2321 ocio
896 2279 970 2321 del
987 2277 1183 2333 collegio
1202 2276 1533 2331 herbipolense‚
1555 2281 1855 2331 presupposto
1872 2274 1958 2316 che

322 2337 364 2380 ci
388 2337 410 2380 ὲ
435 2351 564 2392 parso
587 2338 690 2391 quel
714 2314 846 2380 moodo
869 2337 913 2379 di
937 2337 1151 2393 obligarsi
1173 2338 1215 2379 la
1238 2335 1550 2391 Compagnia,
1576 2336 1662 2379 che
1692 2348 1893 2400 pensaua
1926 2332 1956 2374 il

327 2399 376 2439 Ρ.
398 2397 534 2440 Natal
555 2404 683 2452 poter
707 2397 829 2449 farsi,
850 2412 941 2439 non
959 2411 1081 2440 esser
1100 2396 1332 2439 conforme
1350 2396 1434 2438 alle
1452 2403 1605 2438 nostre
1623 2392 1954 2443 constitutioni

323 2542 454 2566 mano.
480 2531 705 2566 Vischerius
724 2537 868 2577 autem,
890 2532 1136 2578 sypontinus,
1156 2531 1195 2567 in
1213 2532 1390 2577 catalogo
1408 2542 1581 2576 romano,
1601 2529 1664 2565 cui
1690 2530 1826 2565 titulus
1861 2529 1958 2563 Vota

321 2590 537 2637 simplicia,
553 2596 779 2626 recensetur
794 2591 894 2626 inter
909 2592 1064 2638 eos‚qui
1080 2597 1170 2626 vota
1185 2591 1376 2638 simplicia
1392 2590 1710 2625 scholasticorum
1724 2593 1961 2624 renovarunt

323 2650 470 2685 Romae
493 2650 515 2685 6
540 2650 713 2696 januarii
742 2649 844 2694 1563.
873 2651 943 2685 His
971 2651 1069 2686 adde
1096 2662 1195 2697 quae
1223 2662 1272 2685 ex
1300 2651 1347 2685 Ρ.
1381 2650 1675 2697 Braunsberger
1706 2660 1828 2695 nuper
1854 2659 1962 2682 acce-

322 2709 464 2757 pimus:
483 2710 549 2744 «P.
567 2710 758 2755 Joannem
773 2709 1041 2744 Vischeriurn»
1058 2721 1281 2756 comparere
1297 2709 1336 2744 in
1353 2709 1508 2754 collegii
1528 2707 1772 2743 monacensis
1786 2707 1962 2752 catalogo

324 2767 437 2804 initio
462 2768 552 2803 anni
580 2768 669 2813 1565
694 2769 857 2803 Romam
883 2768 1001 2803 misso
1026 2768 1177 2811 (Germ.
1203 2768 1297 2814 Sup.
1319 2768 1405 2803 Cat.
1434 2767 1542 2811 1566.
1577 2769 1681 2812 1599)
1706 2767 1748 2801 ff.
1774 2765 1859 2811 376,
1878 2764 1960 2810 377:

325 2839 403 2863 non
422 2833 553 2863 autem
572 2827 678 2863 cerni
703 2828 742 2862 in
768 2828 956 2873 catalogis
982 2827 1157 2873 ejusdem
1181 2827 1351 2872 collegii,
1378 2827 1443 2874 qui
1469 2832 1638 2862 exeunte
1664 2836 1764 2861 anno
1793 2825 1895 2870 1566,
1923 2830 1964 2860 et

324 2886 412 2924 Oct.
438 2888 527 2932 1567
547 2886 680 2933 scripti
700 2893 791 2923 sunt
810 2888 899 2932 (loc.
920 2886 1004 2931 cit.‚
1024 2886 1071 2922 ff.
1095 2886 1178 2931 385,
1199 2897 1283 2932 409,
1303 2889 1401 2931 412).

393 2946 404 2966 ¹
457 2947 514 2981 Ex
537 2945 636 2982 Cod.
660 2956 711 2992 29
726 2947 789 2994 g),
810 2945 879 2991 314
897 2944 1015 2990 (531).
1042 2945 1141 2981 Vide
1161 2946 1279 2992 epist.
1305 2946 1392 2990 465.

393 3004 433 3065 Ὀ
456 3006 515 3041 Ex
533 3006 720 3051 Regesto,
743 3005 842 3041 Cod.
870 3016 910 3051 33
923 3006 982 3052 f),
1000 3005 1076 3041 ¹fol.
1100 3005 1164 3049 56.
1192 3004 1290 3040 Vide
1309 3016 1402 3051 pag.
1427 3005 1511 3050 4783
1535 3010 1574 3039 et
1593 3004 1675 3049 526.
1747 3034 1750 3037 .
