2101 3348
313 260 385 298 520
835 222 975 280 EPiST.
1002 243 1047 278 P.
1075 241 1349 287 NADAL—494

253 353 290 397 si
313 349 492 395 mettesi
516 348 545 390 11
568 347 705 404 pieno
728 344 939 401 collegio,
966 344 1172 387 almanco
1201 357 1281 398 per
1308 348 1329 369 a
1348 341 1424 384 doi
1448 355 1474 384 o
1497 338 1716 404 treanni,
1743 353 1792 383 se
1814 353 1906 382 non

252 444 344 472 vno
369 429 453 470 che
475 423 717 482 predicasi,
746 429 793 466 et
813 424 890 465 vn’
917 422 1033 464 altro
1060 422 1146 464 che
1173 419 1353 476 leggesi
1374 433 1464 461 vna
1492 417 1679 461 lettione
1707 416 1764 459 de
1792 415 1902 471 casi,

252 512 298 549 et
321 503 395 547 doi
419 517 445 545 o
469 510 536 546 tre
559 499 825 552 confessori,
851 505 896 542 et
918 500 1002 541 che
1025 497 1063 540 si
1086 496 1225 541 facesi
1246 497 1290 539 13
1312 495 1511 538 dottrina
1528 492 1789 546 christiana,
1810 500 1898 536 etc.

252 583 309 624 Et
331 579 376 623 di
400 585 563 635 questo
587 577 738 630 modO,
765 576 1114 619 conciliaremus
1136 574 1264 616 nobis
1286 573 1465 615 animos
1487 571 1605 615 della
1627 570 1732 624 cita3
1754 577 1799 615 et
1817 572 1902 614 che

252 672 347 701 non
369 656 591 699 intrasero
616 653 721 697 tutti
744 652 935 697 insieme
958 667 984 695 a
1006 651 1301 695 contentione
1322 650 1379 693 de
1400 650 1429 691 l'
1451 649 1564 693 altre
1587 647 1789 700 schuole,
1816 648 1902 690 che

253 748 365 778 sono
380 733 401 760 ¹³
422 731 600 789 potenti
617 737 662 776 et
677 731 818 773 molto
836 728 1078 781 contrarie,
1093 735 1139 772 et
1156 728 1203 770 in
1221 734 1348 770 tanto
1366 733 1384 753 0
1402 725 1657 783 pigliasimo
1672 724 1877 768 solamen
1893 749 1904 756 ·

256 818 301 855 te
318 810 469 866 quello
486 810 571 852 che
588 807 630 851 ci
647 808 852 852 volesero
871 807 978 850 dare
995 820 1075 862 per
1090 804 1326 858 lemosina,
1347 810 1393 847 et
1411 810 1530 846 tutto
1546 803 1577 844 il
1594 809 1718 846 resto
1735 800 1903 845 corresi

256 902 336 943 per
358 886 436 942 piu
460 890 614 942 presto
637 897 873 940 comprare
894 883 937 927 le
955 881 1132 926 rendite
1155 882 1272 925 della
1302 879 1591 932 fundatione,
1617 879 1906 922 conferman-

254 963 352 1006 dosi
376 963 526 1019 quella
549 976 636 1005 con
658 961 800 1004 buoni
823 959 1133 1013 instrumenti,
1165 958 1320 1002 auanti
1351 958 1396 1000 di
1417 957 1573 1000 venire
1602 956 1768 998 nisuno
1799 954 1906 999 delli

253 1040 410 1083 nostri.
432 1041 488 1082 Et
506 1039 582 1095 gia
604 1040 701 1082 loro
719 1038 886 1081 dicono
904 1039 993 1096 che
1006 1036 1281 1080 bastarebbe
1298 1034 1623 1078 incominciare
1640 1033 1671 1075 il
1688 1031 1900 1088 collegio,

255 1118 312 1160 da
335 1123 497 1172 questo
521 1116 780 1160 Settembre
801 1115 847 1157 in
870 1130 932 1157 vn
955 1128 1091 1159 anno.
1117 1113 1176 1156 Di
1205 1113 1340 1156 modo
1364 1114 1449 1155 che
1472 1110 1705 1155 facendosi
1727 1124 1856 1153 come
1880 1109 1903 1152 ὲ

255 1194 382 1236 detto
409 1193 445 1245 d,
473 1194 662 1236 sarebbe
693 1191 822 1247 quasi
859 1192 1059 1235 secondo
1086 1206 1148 1233 vn
1185 1191 1368 1234 decreto
1398 1189 1515 1232 della
1543 1186 1903 1244 congregatione

253 1271 491 1327 generale,
524 1270 715 1313 sarebbe
752 1269 831 1325 piu
864 1275 984 1311 tosto
1017 1268 1207 1311 fundato
1241 1267 1271 1309 il
1304 1266 1512 1322 collegio,
1540 1273 1585 1309 et
1615 1263 1902 1308 haueresimo

257 1354 396 1403 gente
419 1361 499 1402 per
522 1346 554 1388 il
581 1352 809 1402 presente,
843 1360 892 1389 se
914 1345 944 1387 il
974 1360 1022 1389 re
1044 1344 1220 1388 vuolesi
1249 1332 1342 1387 fare
1366 1344 1529 1386 alcuna
1556 1340 1824 1385 fundatione
1856 1339 1903 1382 in

256 1424 292 1466 F
296 1422 464 1466 iandra.
493 1423 787 1478 Propongolo
811 1422 897 1465 alla
921 1423 972 1464 P.
1002 1422 1059 1464 V.
1087 1435 1174 1463 con
1197 1428 1364 1476 tempo.
1392 1422 1506 1463 Mro.
1535 1420 1728 1462 Costero
1752 1421 1904 1460 tamen

255 1501 291 1542 s'
318 1499 487 1542 inclina
509 1499 794 1541 vehementer
818 1513 842 1540 3
867 1500 952 1542 che
974 1497 1127 1540 subito
1149 1498 1187 1540 s'
1212 1496 1470 1549 incominci3
1493 1503 1538 1538 et
1555 1499 1706 1538 tamen
1728 1509 1822 1537 non
1846 1496 1905 1537 ha

256 1582 397 1632 gente
416 1575 672 1619 sufficiente
691 1575 736 1617 in
756 1574 997 1628 rhetorica,
1013 1588 1170 1630 greco,
1190 1579 1235 1617 et
1252 1572 1503 1624 humanita,
1524 1573 1643 1616 nelle
1661 1571 1782 1626 quali
1799 1585 1904 1615 cose

258 1653 397 1694 molto
420 1653 600 1694 abonda
623 1657 784 1707 questa
807 1651 931 1704 citta3
959 1657 1004 1694 et
1031 1650 1243 1706 bisognia
1272 1651 1357 1693 che
1379 1649 1409 1691 li
1439 1649 1581 1692 nostri
1609 1648 1738 1691 siano
1760 1663 1903 1691 auan—

254 1728 466 1784 taggiati3
496 1728 740 1772 altrimenti
763 1729 976 1771 hauendo
1001 1727 1115 1770 tanti
1145 1726 1358 1770 contrarii
1386 1726 1432 1768 in
1455 1733 1616 1781 queste
1644 1725 1830 1780 qualita,
1857 1732 1903 1768 et

251 1805 363 1848 tanti
387 1805 561 1861 signori
585 1804 792 1848 canonici
816 1804 930 1848 dotti
949 1810 994 1847 et
1023 1804 1125 1847 altri
1146 1803 1423 1855 humaniste‚
1451 1803 1709 1847 facilmente
1737 1817 1901 1845 sarano

254 1881 494 1937 giudicati.
517 1883 574 1924 Et
591 1882 634 1925 io
650 1881 799 1924 vorrei
822 1883 906 1924 che
923 1882 996 1923 dal
1017 1880 1238 1937 principio
1260 1880 1291 1922 il
1309 1880 1506 1936 collegio
1524 1880 1613 1922 fusi
1632 1880 1836 1933 fundato,
1857 1886 1903 1923 et

253 1972 346 2000 non
369 1958 527 2001 andasi
552 1958 826 2001 fundandosi
854 1958 902 2000 in
931 1958 1037 2014 quel
1068 1967 1218 2013 tempo
1248 1959 1332 2001 che
1355 1957 1419 2013 gli
1448 1957 1591 2000 nostri
1619 1972 1711 2000 non
1742 1958 1902 2001 dasero

252 2035 390 2077 molta
422 2034 753 2079 sodisfattione.
788 2036 921 2078 Altro
949 2049 1041 2078 non
1070 2049 1256 2079 occorre
1277 2049 1358 2091 per
1387 2041 1566 2090 questa·
1591 2033 1719 2077 Iddio
1748 2041 1904 2078 nostro

253 2110 439 2166 signore
462 2111 528 2153 sia
551 2125 729 2167 sempre
752 2126 838 2154 con
861 2112 904 2154 la
928 2114 980 2155 P.
1008 2113 1065 2155 V.
1094 2117 1139 2156 et
1161 2126 1248 2155 con
1267 2111 1373 2154 tutti
1391 2111 1482 2154 noi.
1505 2113 1671 2155 Amen.
1694 2111 1812 2155 Nelli
1831 2111 1904 2154 cui

252 2187 371 2229 santi
394 2187 602 2231 sacrificii
625 2195 670 2231 et
692 2188 903 2242 orationi,
929 2188 1229 2231 humilmente
1259 2188 1296 2231 si
1319 2188 1712 2232 raccomandiamo
1734 2221 1743 2240 ‚
1780 2195 1825 2231 et
1857 2188 1904 2230 in

255 2263 395 2318 quelli
419 2278 584 2306 ancora
607 2265 713 2308 delli
740 2265 837 2308 Rdi.
867 2265 1003 2308 Padri
1027 2264 1271 2317 assistenti,
1298 2266 1372 2308 del
1395 2267 1447 2308 P.
1477 2266 1694 2317 Polanco,
1723 2267 1774 2308 P.
1803 2267 1902 2308 Ma·
1963 2302 1967 2306 .

253 2339 370 2391 drid,
398 2342 450 2382 P.
479 2340 810 2397 Ribadeneyra,
833 2349 878 2386 et
901 2343 958 2386 de
981 2342 1087 2385 tutti
1109 2342 1140 2384 li
1157 2341 1259 2385 altri
1279 2342 1414 2385 Padri
1433 2349 1478 2386 et
1497 2341 1660 2385 fratelli
1677 2341 1720 2385 di
1739 2343 1897 2394 Roma.

251 2417 323 2458 Da
346 2415 527 2472 Lieggi,
555 2417 627 2459 alli
658 2430 708 2471 14
730 2418 775 2460 di
798 2420 982 2475 Agosto
1011 2420 1138 2474 1567.
1165 2421 1223 2462 D.
1251 2421 1309 2464 V.
1337 2421 1391 2462 P.
1418 2433 1552 2461 seruo
1576 2433 1633 2462 en
1656 2417 1758 2470 X.0,

1351 2501 1379 2559 †
1410 2503 1597 2617 NAssAL.
1635 2501 1664 2557 †

345 2645 591 2700 Inscriptio
610 2646 659 2687 z'n
678 2649 805 2689 sexta
814 2649 1156 2707 pagiumjhus.
1177 2650 1238 2692 Al
1256 2649 1395 2692 molto
1413 2649 1527 2692 Rdo.
1551 2650 1604 2692 P.
1625 2650 1683 2692 N.
1706 2649 1752 2691 in
1771 2647 1906 2692 Chri-

254 2727 344 2774 sto,
371 2720 402 2762 il
426 2723 478 2764 Ρ.
506 2723 541 2764 F
546 2736 760 2765 rancesco
783 2723 829 2765 di
854 2725 1039 2781 Borgia,
1065 2727 1297 2782 preposito
1326 2726 1541 2782 generale
1561 2726 1680 2770 della
1708 2726 1906 2781 Compa-

328 2926 350 2948 8
395 2920 655 2956 Emendatum
680 2933 702 2956 a
728 2921 815 2958 libr.
844 2934 893 2957 ex
922 2923 1052 2959 di.—b
1080 2924 1266 2971 Sequitur
1296 2927 1417 2961 molto
1445 2926 1696 2962 obliteratum
1716 2938 1737 2961 a
1766 2926 1906 2962 libr.—

254 2984 271 3004 c
306 2977 493 3072 Sglequitur
523 2976 633 3026 quest
665 2981 919 3017 obliteratum
951 2993 972 3017 3
1003 2983 1164 3018 libr.-d
1189 2984 1449 3020 Emendatum
1473 2997 1495 3020 a
1520 2985 1607 3020 libr.
1635 2997 1685 3020 ex
1703 2985 1742 3021 Il
1758 2986 1823 3021 che
1842 2985 1907 3029 fa·

251 3048 327 3072 cen
359 3049 429 3073 osz.
