2101 3348
777 252 821 288 27
849 244 1017 279 Apmms
1048 244 1138 289 1568
1663 257 1733 293 579

902 371 1009 410 517

609 453 649 489 S.
679 453 1010 491 FRANCISCUS
1038 455 1108 490 DE
1134 455 1304 502 BORJA

465 519 679 562 PATRI
718 520 1149 565 HIERONYMO
1190 523 1436 566 NADAL

660 604 826 643 ROMAE,
855 605 900 641 27
926 605 1086 633 APRILIS
1117 598 1206 643 1568
1230 601 1254 633 ¹.

135 667 172 693 l.
198 658 341 694 Natali
358 661 677 707 commendatur,
701 664 743 696 ut
764 664 954 708 properet
972 663 1208 708 provincias
1238 663 1401 700 Galliae
1427 666 1617 712 lustrare,
1645 670 1682 702 et
1708 667 1784 701 Ro·
1819 707 1821 709 ,

181 731 291 753 mam
322 722 416 754 ante
446 731 620 756 mensem
650 721 856 757 Octobrem
882 723 1128 758 redire-2.
1161 724 1223 759 De
1248 725 1503 771 responsione
1528 727 1626 760 data
1651 726 1784 762 abbati

179 778 429 824 Aquicincti:
447 781 494 814 de
504 779 755 826 fundatione
774 782 1002 828 domorum,
1023 782 1090 817 ubi
1106 783 1203 818 socii
1227 784 1617 828 institzcantnr.—3.
1649 785 1710 821 De
1735 786 1784 821 li-

178 838 276 872 bello
296 838 458 884 Illoreji:
482 840 529 874 de
553 839 754 874 similibus
776 841 937 887 scriptis
961 853 985 875 a
1016 842 1132 876 sociis
1158 854 1235 877 non
1269 843 1448 889 edendis,
1469 845 1555 880 sine
1583 845 1782 892 approba-

179 898 284 933 tione
299 899 508 945 generalis
526 900 867 945 praepositi.—4.
899 901 960 935 De
985 901 1152 947 collegio
1176 901 1382 937 leodiensi:
1410 904 1456 938 de
1482 904 1660 939 Henrico
1685 904 1782 939 Dio-

178 959 303 1003 nysio:
334 959 381 994 de
411 959 512 994 libro
535 959 707 994 doctoris
737 959 990 1003 Torres.-—-5.
1016 960 1194 1004 Natalis,
1214 963 1440 1008 provinciis
1469 962 1634 999 Galliae
1659 965 1783 1011 inspi-

177 1019 330 1053 ciendis
353 1019 545 1063 intentns,
570 1030 596 1052 a
620 1018 819 1054 scribendi
844 1020 1002 1066 negotio
1026 1020 1366 1066 impeditum—6.
1396 1021 1457 1057 De
1483 1023 1585 1057 libro
1610 1024 1782 1058 doctoris

186 1077 343 1112 Torres:
364 1078 522 1125 Borgia
534 1078 724 1124 podagra
742 1078 913 1113 laborat.
927 1099 950 1104 -
965 1088 1004 1123 7.
1029 1079 1185 1115 Monita
1204 1081 1251 1115 de
1271 1080 1385 1115 rebus
1399 1093 1423 1115 a
1440 1082 1584 1116 Natali
1599 1083 1642 1117 in
1658 1084 1782 1129 Aqui-

179 1137 294 1172 tania
314 1137 615 1172 ordinandis.-
630 1137 668 1172 8.
689 1138 784 1172 Post
801 1139 955 1184 scripta
972 1139 1020 1174 de
1038 1139 1132 1175 PP.
1155 1141 1300 1175 Acosta
1318 1143 1354 1182 et
1364 1141 1528 1187 Jam'er,
1549 1144 1585 1177 et
1610 1143 1656 1178 de
1682 1144 1782 1178 Bor·

176 1198 273 1244 giae
291 1197 584 1243 aegrotatione,
604 1199 679 1232 etc.

229 1287 264 1317 1.
324 1276 423 1332 Jhs.
451 1275 593 1318 Molto
615 1275 731 1318 RdO.
756 1275 803 1317 in
826 1277 944 1331 Xpo.
970 1276 1129 1329 Padre,
1160 1278 1255 1320 Pax
1274 1277 1461 1330 Christi,
1485 1285 1573 1322 etc.
1597 1279 1645 1323 Si
1664 1294 1778 1322 sono

130 1352 337 1395 riceuute
359 1352 449 1396 due
472 1351 516 1394 di
540 1353 596 1396 V.
624 1353 678 1395 R.
704 1351 775 1397 de’
800 1364 822 1407 5
847 1359 893 1395 et
917 1364 970 1407 25
995 1353 1040 1395 di
1064 1355 1236 1407 Marzo,
1259 1362 1304 1398 et
1322 1355 1587 1411 rispondero
1611 1356 1656 1398 in
1675 1357 1779 1401 bre-

129 1444 209 1481 ue,
242 1429 493 1472 dubitando
527 1431 614 1472 che
646 1437 807 1485 questa
839 1445 931 1473 non
964 1431 1080 1473 troui
1105 1433 1159 1475 V.
1184 1433 1235 1475 R.
1269 1432 1314 1474 in
1344 1434 1380 1475 F
1383 1432 1557 1486 iandra;
1593 1436 1775 1490 perche,

126 1507 321 1551 essendo
358 1506 539 1563 seguita
567 1507 609 1549 la
640 1521 750 1563 pace
779 1507 825 1549 in
854 1508 1069 1562 Francia,
1101 1510 1323 1564 potrebbe
1352 1524 1477 1553 esser
1507 1513 1616 1563 che,
1641 1526 1778 1555 senza

126 1591 328 1640 aspettar
349 1585 464 1627 altro
487 1584 643 1627 ordine
665 1583 709 1626 di
728 1599 833 1640 qua,
861 1586 917 1628 V.
946 1587 999 1628 R.
1028 1586 1151 1629 fusse
1174 1586 1360 1642 partita.
1387 1588 1443 1629 Et
1467 1589 1652 1642 quando
1675 1588 1772 1631 cosi

127 1676 221 1704 non
243 1663 383 1714 fusse,
410 1669 455 1705 et
476 1662 518 1705 le
537 1663 689 1706 strade
713 1663 888 1705 fussero
917 1662 1087 1715 sicure‚
1113 1665 1285 1708 hauero
1317 1666 1456 1707 charo
1486 1666 1571 1708 che
1604 1673 1776 1720 quanto

127 1739 273 1795 prima
295 1740 352 1782 V.
379 1741 433 1783 R.
461 1740 646 1782 attenda
667 1754 692 1782 a
708 1739 873 1783 'uisitar
897 1740 1046 1794 quelle
1068 1741 1158 1784 due
1181 1740 1416 1797 prouincie
1447 1741 1492 1784 di
1515 1741 1707 1784 Francia
1730 1749 1776 1784 et

128 1817 175 1859 di
200 1816 461 1872 Aquitania,
488 1818 654 1872 perche
692 1817 890 1873 potendo
921 1832 1046 1861 esser
1068 1817 1181 1871 cosi,
1207 1818 1394 1861 hauerei
1418 1820 1555 1861 charo
1578 1820 1664 1862 che
1696 1834 1776 1875 per

130 1902 248 1938 tutto
273 1895 529 1939 Settembre
552 1895 609 1938 V.
637 1895 689 1937 R.
719 1894 842 1937 fusse
864 1893 910 1936 in
933 1896 1100 1947 Roma,
1127 1894 1342 1938 accioche
1367 1895 1404 1938 si
1427 1894 1674 1940 ritrouasse
1697 1896 1774 1951 qui

127 1972 245 2016 nella
287 1971 647 2028 congregatione
688 1970 793 2013 delli
830 1971 1110 2026 procuratori
1148 1971 1193 2013 di
1233 1979 1350 2015 tutta
1390 1973 1432 2016 la
1466 1973 1769 2029 Compagnia‚

132 2049 265 2105 quale
298 2049 334 2092 si
357 2048 629 2092 cominciara
653 2049 693 2091 al
716 2048 937 2104 principio
960 2049 1003 2090 d’
1031 2049 1242 2092 Ottobre.

100 2181 102 2183 ‚
215 2140 255 2170 2.
321 2127 408 2170 Nel
430 2126 616 2183 negotio
637 2126 709 2168 del
732 2126 846 2169 Rdo.
869 2127 1033 2169 abbate
1050 2126 1091 2168 d'
1113 2125 1392 2182 Aquecinto‚
1420 2141 1554 2182 spero
1574 2127 1650 2183 gia
1669 2128 1771 2170 sara

121 2205 320 2249 arriuata
357 2211 512 2247 nostra
548 2203 762 2260 risposta,
793 2210 922 2245 tanto
958 2217 1039 2258 per
1060 2204 1117 2246 V.
1145 2205 1199 2246 R.
1232 2211 1404 2259 quanto
1438 2219 1518 2260 per
1552 2204 1583 2245 1’
1608 2203 1772 2248 istesso

120 2284 286 2325 abbate
304 2282 336 2324 ².
365 2282 429 2325 La
457 2287 668 2324 sostanza
695 2295 773 2323 era
802 2279 1089 2336 ringratiarlo
1119 2280 1238 2324 della
1267 2294 1351 2323 sua
1379 2281 1535 2324 buona
1559 2281 1766 2334 uolonta,

124 2375 197 2403 ma
218 2374 308 2402 non
332 2366 531 2402 accettar
552 2357 582 2400 il
605 2357 795 2415 collegio
818 2372 904 2400 con
927 2359 1077 2413 quelle
1099 2356 1349 2400 conditioni
1373 2360 1459 2401 che
1490 2372 1592 2402 esso
1615 2358 1771 2403 offeri-

123 2452 198 2491 ua,
225 2451 354 2480 come
375 2435 636 2493 ripugnanti
653 2436 695 2479 al
717 2442 874 2478 nostro
892 2434 1114 2478 instituto.
1134 2435 1187 2478 Li
1204 2435 1416 2478 scriueua
1434 2437 1580 2479 anche
1600 2435 1646 2477 in
1665 2450 1770 2492 par-

123 2515 310 2559 ticolare
337 2508 369 2556 il
398 2515 450 2556 P.
479 2513 710 2557 Euerardo
727 2513 742 2534 ⁵
766 2512 812 2555 di
839 2513 1033 2567 qualche
1060 2513 1175 2555 altro
1203 2512 1396 2569 disegno
1426 2514 1510 2557 che
1542 2512 1571 2554 li
1601 2527 1770 2569 pareua

121 2592 318 2649 miglior.
344 2592 405 2636 Se
426 2590 739 2635 intenderemo
762 2592 846 2633 che
869 2590 1020 2645 quello
1052 2589 1235 2646 spaccio
1266 2604 1358 2633 non
1382 2589 1551 2642 arriuc'),
1578 2589 1615 2633 si
1638 2604 1770 2634 man—

117 2671 227 2713 dara
248 2670 292 2712 la
313 2668 458 2725 copia3
485 2674 530 2712 et
552 2682 601 2712 se
623 2669 761 2711 uorsa
783 2668 863 2710 dar
885 2666 960 2709 alli
983 2666 1239 2710 stendonici
1257 2668 1273 2687 ⁴
1296 2681 1324 2710 ο
1347 2666 1404 2710 ad
1427 2666 1530 2710 altri
1550 2668 1655 2722 quel
1677 2667 1769 2710 col-

188 2770 196 2789 ¹
250 2770 308 2805 Ex
326 2769 553 2816 archetypo,
572 2768 612 2804 in
634 2767 734 2804 Cod.
760 2777 822 2813 34,
842 2766 988 2814 duplici
1006 2765 1074 2803 fol.
1095 2765 1160 2802 231
1188 2765 1262 2813 (38,
1290 2765 1365 2812 39).
1393 2766 1543 2803 Ultima
1570 2768 1692 2802 verba
1716 2767 1766 2802 ab

114 2829 205 2866 illis:
234 2829 318 2863 Por
343 2828 384 2863 la
404 2831 566 2876 gotta...
595 2832 687 2863 sunt
710 2827 876 2873 Borgiae
902 2838 1017 2862 manu
1042 2830 1214 2861 exarata.
1241 2825 1343 2861 Vide
1369 2826 1485 2872 epist.
1514 2835 1582 2871 512
1609 2832 1648 2862 et
1679 2834 1766 2871 514,

114 2889 257 2937 quibus
276 2888 373 2922 haec
391 2886 618 2934 respondet.

187 2950 202 2970 2
253 2945 355 2981 Vide
373 2946 488 2992 epist.
509 2954 591 2992 509,
611 2958 651 2981 n.
670 2945 707 2990 3;
727 2951 768 2981 et
787 2954 870 2991 510,
891 2957 930 2980 n.
952 2943 987 2979 3.

189 3008 204 3027 ³
254 3004 533 3049 Mercurianus,
554 3005 743 3041 assistens
762 3003 1013 3041 Germaniae.

191 3067 206 3088 ⁴
257 3064 358 3100 Vide
376 3063 492 3110 epist.
513 3072 598 3110 514,
618 3076 662 3100 n.
687 3073 720 3099 2.
