2101 3348
775 222 820 257 26
845 223 1078 259 FEBRUARII
1107 226 1196 268 1567
1687 236 1754 272 401

170 325 208 367 si
231 325 426 369 uedono.
453 325 597 379 Sopra
619 323 649 365 il
671 324 863 380 collegio
885 324 942 368 de
965 324 1201 381 Herbipoli
1229 325 1267 368 si
1295 326 1442 370 scriue
1466 335 1804 384 separatamen-

170 409 228 446 te.
265 403 369 445 Non
401 400 642 443 habbiamo
678 416 842 445 ancora
874 403 1046 445 hauuto
1079 403 1238 446 lettere
1269 403 1342 446 del
1370 419 1584 448 vescouo.
1619 405 1804 450 Diuersi

168 478 312 521 scritti
334 478 379 520 di
397 478 547 533 quello
566 480 649 521 che
667 480 724 522 V.
746 480 799 522 R.
822 481 879 522 ha
896 479 1101 522 ordinato
1120 479 1167 526 in
1187 480 1296 536 uarij
1315 481 1473 537 luoghi
1492 481 1528 524 si
1547 497 1659 525 sono
1678 482 1800 535 uisti,

169 563 214 598 et
250 570 299 598 se
336 555 571 598 occorrera
610 556 829 599 rescriuer
867 571 972 599 cosa
1005 557 1181 609 alcuna,
1216 557 1253 600 si
1286 558 1380 600 fara
1413 573 1474 601 un
1513 560 1624 602 altra
1659 560 1798 602 uolta.

169 634 355 688 Quanto
377 633 462 675 alla
486 620 646 675 facoltii
670 633 715 675 di
738 628 976 677 absoluere
997 633 1028 675 11
1050 634 1227 690 relapsi,
1253 635 1503 679 solamente
1524 637 1573 678 in
1589 638 1703 694 foro
1727 639 1802 679 in-

169 711 342 762 teriori,
366 710 406 752 le
429 702 606 766 ragioni
627 710 671 752 di
694 712 751 754 V.
779 713 832 754 R.
859 714 896 753 si
925 725 1037 753 sono
1058 711 1197 763 uiste,
1224 718 1268 756 et
1290 714 1327 754 s'
1353 712 1376 756 ὲ
1402 713 1512 756 fatta
1541 728 1631 756 una
1659 713 1802 756 infor-

169 787 382 841 matione,
406 788 449 830 la
470 789 603 842 quale
625 788 682 832 de
703 795 829 844 parte
851 788 924 831 del
946 788 1157 831 cardenal
1177 789 1220 830 d’
1247 789 1429 844 Agusta
1459 791 1465 810 ¹
1492 791 1529 832 s’
1554 791 1576 833 ὲ
1600 791 1705 834 (1313
1727 791 1802 834 3111

164 864 435 920 inquisitori,
461 872 506 907 et
528 866 636 908 16113
658 864 811 908 auanti
833 864 862 906 il
886 879 1016 920 papa,
1042 871 1087 908 et
1109 879 1241 919 spero
1264 865 1300 907 si
1320 866 1414 908 fara
1438 867 1630 921 qualche
1648 868 1801 910 buona

163 942 437 998 prouisione,
463 944 627 998 perche
655 943 696 985 le
726 941 900 998 ragioni
929 941 974 983 di
1002 956 1092 984 non
1122 941 1315 985 ricercar
1343 942 1649 999 abiuratione,
1675 951 1796 997 etc.‚

162 1035 390 1076 pareuano
433 1019 548 1063 assai
591 1019 778 1063 efficaci.
821 1019 901 1062 Sta
942 1019 1059 1062 bene
1101 1019 1205 1073 quel
1247 1020 1333 1063 che
1366 1021 1423 1063 V.
1464 1022 1518 1063 R.
1560 1020 1710 1066 scriue
1754 1021 1798 1063 di

162 1100 298 1142 Mtro.
327 1097 493 1149 Pietro,
519 1099 602 1140 che
631 1096 668 1140 si
698 1096 815 1140 ueda
844 1095 889 1138 di
918 1095 1126 1148 aiutarlo,
1157 1110 1184 1138 o
1207 1095 1244 1138 si
1273 1095 1384 1152 pigli
1413 1098 1605 1152 qualche
1634 1098 1797 1141 risolu-

165 1175 288 1218 tione
309 1190 441 1231 sopra
463 1175 507 1217 di
529 1174 607 1216 lui.
1367 1231 1371 1234 ,
1424 1224 1429 1226 -

255 1263 295 1307 5.
363 1255 520 1295 Buona
542 1250 775 1306 diligentia
798 1251 845 1292 fu
869 1250 897 1292 1’
923 1252 1063 1294 hauer
1088 1258 1379 1306 procuratore
1402 1252 1516 1295 delle
1534 1266 1640 1296 cose
1656 1266 1795 1308 pecu-

164 1329 304 1373 niarie
321 1329 366 1371 in
384 1325 584 1384 Dilinga',
607 1335 650 1372 et
673 1342 720 1370 se
738 1327 775 1370 si
793 1327 960 1383 potessi
980 1329 1088 1380 fare,
1109 1329 1193 1370 che
1211 1328 1247 1371 si
1271 1328 1465 1372 trouassi
1484 1343 1543 1370 un
1564 1328 1798 1372 forastiero

162 1422 241 1463 per
263 1413 452 1462 regente
474 1406 546 1449 del
570 1404 762 1461 collegio
784 1404 829 1446 di
851 1412 982 1447 santo
1001 1405 1282 1457 Hieronimo,
1304 1406 1493 1449 sarebbe
1517 1420 1682 1448 ancora
1699 1419 1795 1448 me-

160 1484 269 1541 glio.
296 1485 481 1539 Quanto
505 1483 591 1525 3113
613 1481 897 1538 promotione
926 1481 999 1524 alli
1023 1482 1174 1538 gradi,
1200 1490 1269 1526 sta
1290 1483 1379 1526 ben
1402 1483 1507 1538 quel
1536 1484 1621 1526 che
1644 1484 1701 1527 V.
1728 1484 1787 1526 R.

158 1561 316 1605 ordino
348 1561 390 1603 31
424 1562 476 1602 Ρ.
510 1559 693 1603 Canisio
732 1574 864 1614 sopra
903 1561 1036 1602 Mtro.
1069 1559 1287 1616 Georgio.
1326 1561 1419 1602 Pur
1452 1560 1794 1616 generalmente

157 1649 327 1695 quanto
353 1638 439 1681 alla
461 1636 742 1693 promotione
765 1651 790 1679 a
813 1636 957 1691 questi
984 1636 1128 1693 gradi,
1155 1636 1197 1679 io
1220 1636 1280 1678 mi
1303 1636 1482 1680 rimetto
1506 1652 1530 1679 a
1554 1639 1610 1680 V.
1634 1638 1686 1680 R.
1710 1637 1791 1681 Lei

157 1717 370 1771 adunque
398 1714 682 1758 considerara
716 1714 821 1769 quel
853 1716 937 1757 che
969 1714 1207 1758 conuiene.
1240 1715 1305 1757 La
1336 1713 1656 1758 distributione
1689 1714 1797 1758 delli

154 1793 355 1850 soggetti
378 1801 517 1848 tengo
540 1806 619 1848 per
640 1791 957 1843 conueniente,
979 1799 1024 1836 et
1047 1792 1212 1834 mando
1230 1792 1390 1834 adesso
1412 1792 1458 1834 in
1482 1791 1660 1835 Vienna
1683 1792 1792 1835 (11101

156 1870 357 1928 soggetti
379 1870 533 1912 buoni:
559 1884 649 1912 Vno
671 1868 716 1911 di
737 1869 833 1911 loro
862 1883 941 1924 per
966 1868 1171 1924 predicar
1199 1868 1245 1910 in
1274 1870 1496 1925 spagnolo
1521 1876 1565 1913 et
1586 1868 1789 1922 italiano,

156 1956 201 1992 et
224 1948 329 1991 tutti
352 1949 441 1990 dua
463 1963 542 2003 per
563 1947 792 1989 confessar
813 1946 931 1990 nelle
953 1947 1042 1989 due
1069 1945 1241 2002 lingue.
1269 1946 1316 1990 S'
1348 1946 1371 1989 ὲ
1399 1945 1555 1988 5011110
1579 1946 1619 1988 31
1642 1946 1791 1988 cardi—

155 2027 228 2069 nal
246 2024 511 2069 warmiense
527 2025 540 2044 ‘²
562 2030 606 2068 et
620 2024 660 2066 al
680 2025 730 2066 Ρ.
746 2022 910 2067 Sunier
927 2037 1062 2078 sopra
1079 2023 1121 2065 13
1139 2029 1308 2066 uenuta
1325 2023 1397 2067 del
1419 2025 1468 2066 P.
1493 2023 1645 2065 Pietro
1664 2024 1788 2066 Phae

152 2104 199 2146 in
222 2101 485 2147 Germania.

239 2181 281 2223 6.
348 2179 397 2223 Si
419 2178 585 2223 uedera
610 2178 714 2233 quel
737 2178 820 2220 che
851 2176 1090 2230 conuiene‚
1115 2176 1295 2219 intorno
1319 2177 1360 2218 31
1382 2176 1576 2232 collegio
1605 2176 1650 2219 di
1675 2179 1787 2221 Tre-

148 2259 283 2309 bona,
309 2271 442 2312 sopra
464 2256 493 2298 il
516 2256 647 2311 quale
676 2253 869 2297 tuttauia
892 2254 935 2296 fa
966 2253 1181 2296 instantia
1209 2254 1312 2309 quel
1346 2253 1501 2309 signor
1525 2254 1705 2297 VrsinO.
1735 2254 1783 2299 Si

147 2334 281 2378 simili
302 2333 557 2388 monasterij
583 2331 771 2375 desolati
802 2330 839 2374 si
868 2331 1098 2373 trouasino
1127 2330 1173 2373 in
1207 2329 1465 2386 Herbipoli,
1498 2331 1535 2373 si
1565 2331 1784 2387 potrebbe

147 2412 224 2468 piu
257 2412 597 2454 comodamente
636 2409 728 2451 fare
757 2408 800 2451 la
833 2407 1097 2451 fundatione
1134 2406 1282 2463 piena.
1309 2409 1379 2451 De
1408 2408 1548 2450 buoni
1581 2409 1783 2465 soggetti

147 2489 353 2532 tudeschi
375 2496 419 2533 et
442 2489 610 2544 capaci,
630 2490 800 2532 hauero
824 2486 972 2543 piacer
995 2487 1032 2529 si
1054 2486 1267 2530 mandino
1290 2501 1316 2529 a
1338 2488 1495 2530 Roma.
1523 2486 1675 2541 Quelli
1698 2487 1783 2530 che

147 2582 239 2609 non
266 2568 418 2609 hanno
446 2566 617 2618 indole,
650 2580 777 2609 come
807 2564 955 2608 alcuni
983 2563 1087 2606 delli
1117 2563 1192 2620 gia
1221 2563 1442 2615 mandati,
1484 2578 1590 2619 pare
1620 2578 1714 2605 non
1745 2563 1782 2605 si

144 2643 369 2686 debbiano
390 2644 603 2686 mandare
625 2658 651 2685 a
674 2644 831 2696 Roma,
857 2642 1021 2697 perche
1043 2642 1138 2684 loro
1160 2641 1266 2684 fano
1284 2655 1396 2697 poco
1421 2641 1576 2692 frutto,
1599 2647 1644 2684 et
1661 2641 1781 2683 forse

141 2719 448 2776 impediscono
466 2720 615 2775 quello
632 2720 753 2775 degl'
775 2718 890 2762 altri.
912 2718 1122 2762 Giouane
1139 2721 1369 2762 Muramer
1386 2717 1422 2760 si
1446 2717 1611 2760 mando
1630 2716 1779 2771 questi

141 2796 288 2852 giorni
309 2797 351 2840 la
374 2797 497 2839 uolta
519 2795 563 2839 di
592 2797 627 2839 F
631 2795 810 2839 iorenza
833 2810 860 2838 0
883 2797 918 2838 F
922 2809 1093 2846 errara,
1119 2810 1198 2850 per
1222 2795 1360 2838 ueder
1382 2809 1431 2838 56
1461 2809 1510 2837 56
1538 2793 1568 2835 11
1597 2792 1775 2835 11011313

139 2874 273 2915 alcun
301 2873 488 2929 ricapito
517 2874 583 2916 fra
618 2872 754 2928 quelli
784 2871 1007 2916 tudeschi.
1040 2872 1074 2913 11
1103 2871 1280 2914 ricordo
1309 2871 1426 2915 della
1464 2869 1671 2926 pluralita
1704 2869 1775 2913 dei

218 3040 227 3059 ¹
278 3037 373 3074 Otto
391 3039 607 3074 Truchsess
625 3038 673 3073 de
692 3038 930 3083 Waldburg.
1220 3036 1235 3056 ²
1285 3036 1500 3072 Stanislaus
1519 3034 1682 3070 Hosius.

287 3102 401 3131 Emsr.
423 3103 465 3132 P.
486 3102 620 3137 NADAL,
639 3110 718 3130 τοΜ.
741 3102 801 3130 111.
1594 3099 1630 3126 26
