<?xml version="1.0" encoding="UTF-8"?>
<!DOCTYPE html PUBLIC "-//W3C//DTD XHTML 1.0 Transitional//EN"
    "http://www.w3.org/TR/xhtml1/DTD/xhtml1-transitional.dtd">
<html xmlns="http://www.w3.org/1999/xhtml" xml:lang="en" lang="en">
 <head>
  <title>
</title>
<meta http-equiv="Content-Type" content="text/html;charset=utf-8" />
  <meta name='ocr-system' content='tesseract 3.04.00' />
  <meta name='ocr-capabilities' content='ocr_page ocr_carea ocr_par ocr_line ocrx_word'/>
</head>
<body>
  <div class='ocr_page' id='page_1' title='image "./epistolaephieron10nada/epistolaephieron10nada_0827.png"; bbox 0 0 2101 3348; ppageno 0'>
   <div class='ocr_carea' id='block_1_1' title="bbox 0 2794 37 2816">
    <p class='ocr_par' dir='ltr' id='par_1_1' title="bbox 0 2794 37 2816">
     <span class='ocr_line' id='line_1_1' title="bbox 0 2794 37 2816; baseline 0 0"><span class='ocrx_word' id='word_1_1' title='bbox 0 2794 37 2816; x_wconf 51' lang='grc' dir='ltr'><strong>ἰ</strong></span> 
     </span>
    </p>
   </div>
   <div class='ocr_carea' id='block_1_2' title="bbox 832 199 1711 249">
    <p class='ocr_par' dir='ltr' id='par_1_2' title="bbox 832 199 1711 249">
     <span class='ocr_line' id='line_1_2' title="bbox 832 199 1711 249; baseline 0.006 -15"><span class='ocrx_word' id='word_1_2' title='bbox 832 199 1052 235; x_wconf 83' lang='lat' dir='ltr'><strong>APPENDIX</strong></span> <span class='ocrx_word' id='word_1_3' title='bbox 1640 204 1711 249; x_wconf 90' lang='lat'><strong>789</strong></span> 
     </span>
    </p>
   </div>
   <div class='ocr_carea' id='block_1_3' title="bbox 673 356 1196 481">
    <p class='ocr_par' dir='ltr' id='par_1_3' title="bbox 673 356 1196 481">
     <span class='ocr_line' id='line_1_3' title="bbox 878 356 1000 398; baseline 0 0"><span class='ocrx_word' id='word_1_4' title='bbox 878 356 1000 398; x_wconf 92' lang='lat' dir='ltr'>XLII</span> 
     </span>
     <span class='ocr_line' id='line_1_4' title="bbox 673 442 1196 481; baseline 0.008 -4"><span class='ocrx_word' id='word_1_5' title='bbox 673 443 716 478; x_wconf 89' lang='lat' dir='ltr'><strong>P.</strong></span> <span class='ocrx_word' id='word_1_6' title='bbox 739 442 1012 480; x_wconf 89' lang='lat' dir='ltr'>ANTONIUS</span> <span class='ocrx_word' id='word_1_7' title='bbox 1033 445 1196 481; x_wconf 90' lang='lat' dir='ltr'>VINCK</span> 
     </span>
    </p>
   </div>
   <div class='ocr_carea' id='block_1_4' title="bbox 394 533 1487 666">
    <p class='ocr_par' dir='ltr' id='par_1_4' title="bbox 394 533 1487 666">
     <span class='ocr_line' id='line_1_5' title="bbox 513 533 1417 576; baseline 0.003 -13"><span class='ocrx_word' id='word_1_8' title='bbox 513 533 726 564; x_wconf 86' lang='lat' dir='ltr'>SANCTO</span> <span class='ocrx_word' id='word_1_9' title='bbox 759 535 1072 565; x_wconf 87' lang='lat' dir='ltr'><strong>FRANCISCO</strong></span> <span class='ocrx_word' id='word_1_10' title='bbox 1106 537 1174 565; x_wconf 84' lang='lat' dir='ltr'><strong>DE</strong></span> <span class='ocrx_word' id='word_1_11' title='bbox 1208 536 1417 576; x_wconf 76' lang='lat' dir='ltr'><strong>BoRjA·</strong></span> 
     </span>
     <span class='ocr_line' id='line_1_6' title="bbox 394 609 1487 666; baseline 0.003 -14"><span class='ocrx_word' id='word_1_12' title='bbox 394 609 637 665; x_wconf 76' lang='lat' dir='ltr'><strong>Augustae</strong></span> <span class='ocrx_word' id='word_1_13' title='bbox 669 609 984 662; x_wconf 86' lang='lat' dir='ltr'><strong>Trevirorum,</strong></span> <span class='ocrx_word' id='word_1_14' title='bbox 1026 623 1077 653; x_wconf 81' lang='lat'><strong>10</strong></span> <span class='ocrx_word' id='word_1_15' title='bbox 1108 610 1278 666; x_wconf 83' lang='lat' dir='ltr'>Aprilis</span> <span class='ocrx_word' id='word_1_16' title='bbox 1317 612 1426 666; x_wconf 85' lang='lat'>1567</span> <span class='ocrx_word' id='word_1_17' title='bbox 1459 612 1487 655; x_wconf 88' lang='lat'><strong>¹.</strong></span> 
     </span>
    </p>
   </div>
   <div class='ocr_carea' id='block_1_5' title="bbox 561 699 1327 746">
    <p class='ocr_par' dir='ltr' id='par_1_5' title="bbox 561 699 1327 746">
     <span class='ocr_line' id='line_1_7' title="bbox 561 699 1327 746; baseline 0.003 -13"><span class='ocrx_word' id='word_1_18' title='bbox 561 699 622 734; x_wconf 85' lang='lat' dir='ltr'><strong>De</strong></span> <span class='ocrx_word' id='word_1_19' title='bbox 655 699 816 746; x_wconf 84' lang='lat' dir='ltr'><strong>collegii</strong></span> <span class='ocrx_word' id='word_1_20' title='bbox 844 699 1034 744; x_wconf 75' lang='lat' dir='ltr'><em>spirensis</em></span> <span class='ocrx_word' id='word_1_21' title='bbox 1063 700 1327 736; x_wconf 75' lang='lat' dir='ltr'><strong>institutione.</strong></span> 
     </span>
    </p>
   </div>
   <div class='ocr_carea' id='block_1_6' title="bbox 116 774 1755 1956">
    <p class='ocr_par' dir='ltr' id='par_1_6' title="bbox 116 774 1755 1956">
     <span class='ocr_line' id='line_1_8' title="bbox 212 774 1755 833; baseline 0.001 -16"><span class='ocrx_word' id='word_1_22' title='bbox 212 774 304 817; x_wconf 89' lang='lat' dir='ltr'><strong>Alli</strong></span> <span class='ocrx_word' id='word_1_23' title='bbox 322 774 386 818; x_wconf 89' lang='lat' dir='ltr'><strong>sei</strong></span> <span class='ocrx_word' id='word_1_24' title='bbox 417 776 490 818; x_wconf 90' lang='lat' dir='ltr'><strong>del</strong></span> <span class='ocrx_word' id='word_1_25' title='bbox 512 783 720 831; x_wconf 76' lang='lat' dir='ltr'><strong>presente</strong></span> <span class='ocrx_word' id='word_1_26' title='bbox 743 775 788 817; x_wconf 91' lang='lat' dir='ltr'><strong>di</strong></span> <span class='ocrx_word' id='word_1_27' title='bbox 826 776 1015 819; x_wconf 88' lang='lat' dir='ltr'><strong>Colonia</strong></span> <span class='ocrx_word' id='word_1_28' title='bbox 1047 777 1072 819; x_wconf 83' lang='lat' dir='ltr'><strong>e</strong></span> <span class='ocrx_word' id='word_1_29' title='bbox 1109 776 1305 820; x_wconf 82' lang='lat' dir='ltr'><strong>arriuato</strong></span> <span class='ocrx_word' id='word_1_30' title='bbox 1328 777 1405 833; x_wconf 91' lang='lat' dir='ltr'><strong>qui</strong></span> <span class='ocrx_word' id='word_1_31' title='bbox 1433 777 1478 819; x_wconf 89' lang='lat' dir='ltr'><strong>in</strong></span> <span class='ocrx_word' id='word_1_32' title='bbox 1512 777 1701 821; x_wconf 87' lang='lat' dir='ltr'><strong>Treueri</strong></span> <span class='ocrx_word' id='word_1_33' title='bbox 1724 777 1755 819; x_wconf 89' lang='lat' dir='ltr'><strong>il</strong></span> 
     </span>
     <span class='ocr_line' id='line_1_9' title="bbox 122 833 1755 891; baseline 0.002 -15"><span class='ocrx_word' id='word_1_34' title='bbox 122 833 176 876; x_wconf 89' lang='lat' dir='ltr'><strong>R.</strong></span> <span class='ocrx_word' id='word_1_35' title='bbox 204 835 259 877; x_wconf 91' lang='lat' dir='ltr'><strong>P.</strong></span> <span class='ocrx_word' id='word_1_36' title='bbox 285 836 446 888; x_wconf 85' lang='lat' dir='ltr'><strong>NadaI,</strong></span> <span class='ocrx_word' id='word_1_37' title='bbox 473 835 548 891; x_wconf 75' lang='lat' dir='ltr'><strong>gia</strong></span> <span class='ocrx_word' id='word_1_38' title='bbox 575 835 621 877; x_wconf 92' lang='lat' dir='ltr'><strong>di</strong></span> <span class='ocrx_word' id='word_1_39' title='bbox 649 836 841 878; x_wconf 90' lang='lat' dir='ltr'><strong>alchune</strong></span> <span class='ocrx_word' id='word_1_40' title='bbox 870 836 1108 879; x_wconf 89' lang='lat' dir='ltr'><strong>settimane</strong></span> <span class='ocrx_word' id='word_1_41' title='bbox 1130 843 1371 891; x_wconf 87' lang='lat' dir='ltr'><strong>espettato,</strong></span> <span class='ocrx_word' id='word_1_42' title='bbox 1403 836 1449 878; x_wconf 91' lang='lat' dir='ltr'><strong>in</strong></span> <span class='ocrx_word' id='word_1_43' title='bbox 1472 838 1755 881; x_wconf 88' lang='lat' dir='ltr'><strong>saluamento</strong></span> 
     </span>
     <span class='ocr_line' id='line_1_10' title="bbox 121 894 1754 951; baseline 0.002 -17"><span class='ocrx_word' id='word_1_44' title='bbox 121 907 200 948; x_wconf 91' lang='lat' dir='ltr'><strong>per</strong></span> <span class='ocrx_word' id='word_1_45' title='bbox 222 894 264 935; x_wconf 94' lang='grc'><strong>13</strong></span> <span class='ocrx_word' id='word_1_46' title='bbox 287 894 434 950; x_wconf 88' lang='lat' dir='ltr'><strong>gratia</strong></span> <span class='ocrx_word' id='word_1_47' title='bbox 456 895 528 937; x_wconf 89' lang='lat' dir='ltr'><strong>del</strong></span> <span class='ocrx_word' id='word_1_48' title='bbox 546 894 727 950; x_wconf 85' lang='lat' dir='ltr'><strong>Signor.</strong></span> <span class='ocrx_word' id='word_1_49' title='bbox 749 896 966 950; x_wconf 87' lang='lat' dir='ltr'><strong>Speramo</strong></span> <span class='ocrx_word' id='word_1_50' title='bbox 988 896 1071 938; x_wconf 92' lang='lat' dir='ltr'><strong>che</strong></span> <span class='ocrx_word' id='word_1_51' title='bbox 1093 895 1135 937; x_wconf 92' lang='grc'><strong>13</strong></span> <span class='ocrx_word' id='word_1_52' title='bbox 1157 909 1239 938; x_wconf 89' lang='lat' dir='ltr'><strong>sua</strong></span> <span class='ocrx_word' id='word_1_53' title='bbox 1256 896 1498 951; x_wconf 78' lang='lat' dir='ltr'><strong>presentia,</strong></span> <span class='ocrx_word' id='word_1_54' title='bbox 1527 910 1658 938; x_wconf 90' lang='lat' dir='ltr'><strong>come</strong></span> <span class='ocrx_word' id='word_1_55' title='bbox 1680 895 1754 939; x_wconf 91' lang='lat' dir='ltr'><strong>alli</strong></span> 
     </span>
     <span class='ocr_line' id='line_1_11' title="bbox 119 952 1755 1009; baseline 0.002 -16"><span class='ocrx_word' id='word_1_56' title='bbox 119 952 224 994; x_wconf 82' lang='lat' dir='ltr'><strong>altri</strong></span> <span class='ocrx_word' id='word_1_57' title='bbox 247 953 427 1009; x_wconf 87' lang='lat' dir='ltr'><strong>collegii</strong></span> <span class='ocrx_word' id='word_1_58' title='bbox 451 954 473 996; x_wconf 78' lang='grc' dir='ltr'>ὲ</span> <span class='ocrx_word' id='word_1_59' title='bbox 506 961 622 997; x_wconf 88' lang='lat' dir='ltr'><strong>stata</strong></span> <span class='ocrx_word' id='word_1_60' title='bbox 644 953 767 1005; x_wconf 90' lang='lat' dir='ltr'><strong>vtile,</strong></span> <span class='ocrx_word' id='word_1_61' title='bbox 803 956 903 996; x_wconf 83' lang='lat' dir='ltr'><strong>sara</strong></span> <span class='ocrx_word' id='word_1_62' title='bbox 925 955 1124 997; x_wconf 75' lang='lat' dir='ltr'>anchora</span> <span class='ocrx_word' id='word_1_63' title='bbox 1147 961 1191 997; x_wconf 89' lang='lat' dir='ltr'><strong>et</strong></span> <span class='ocrx_word' id='word_1_64' title='bbox 1216 969 1240 996; x_wconf 90' lang='grc'><strong>3</strong></span> <span class='ocrx_word' id='word_1_65' title='bbox 1268 962 1445 1009; x_wconf 84' lang='lat' dir='ltr'><strong>questo.</strong></span> <span class='ocrx_word' id='word_1_66' title='bbox 1471 956 1565 999; x_wconf 83' lang='lat' dir='ltr'><strong>Sua</strong></span> <span class='ocrx_word' id='word_1_67' title='bbox 1588 957 1670 998; x_wconf 71' lang='lat' dir='ltr'><strong>Ra</strong></span> <span class='ocrx_word' id='word_1_68' title='bbox 1696 957 1755 997; x_wconf 93' lang='lat' dir='ltr'><strong>ha</strong></span> 
     </span>
     <span class='ocr_line' id='line_1_12' title="bbox 123 1013 1750 1068; baseline 0.003 -15"><span class='ocrx_word' id='word_1_69' title='bbox 123 1013 455 1055; x_wconf 88' lang='lat' dir='ltr'><strong>communicato</strong></span> <span class='ocrx_word' id='word_1_70' title='bbox 492 1027 620 1055; x_wconf 88' lang='lat' dir='ltr'><strong>meco</strong></span> <span class='ocrx_word' id='word_1_71' title='bbox 641 1013 790 1068; x_wconf 88' lang='lat' dir='ltr'><strong>quella</strong></span> <span class='ocrx_word' id='word_1_72' title='bbox 821 1013 1055 1065; x_wconf 73' lang='lat' dir='ltr'><strong>difficulta,</strong></span> <span class='ocrx_word' id='word_1_73' title='bbox 1076 1014 1117 1055; x_wconf 90' lang='grc'><strong>13</strong></span> <span class='ocrx_word' id='word_1_74' title='bbox 1150 1014 1282 1068; x_wconf 85' lang='lat' dir='ltr'><strong>quale</strong></span> <span class='ocrx_word' id='word_1_75' title='bbox 1306 1021 1435 1057; x_wconf 87' lang='lat' dir='ltr'><strong>troua</strong></span> <span class='ocrx_word' id='word_1_76' title='bbox 1452 1015 1493 1057; x_wconf 91' lang='lat' dir='ltr'><strong>la</strong></span> <span class='ocrx_word' id='word_1_77' title='bbox 1510 1016 1563 1056; x_wconf 86' lang='lat' dir='ltr'><strong>R.</strong></span> <span class='ocrx_word' id='word_1_78' title='bbox 1602 1016 1655 1057; x_wconf 90' lang='grc' dir='ltr'><strong>Ρ.</strong></span> <span class='ocrx_word' id='word_1_79' title='bbox 1692 1016 1750 1058; x_wconf 91' lang='lat' dir='ltr'><strong>V.</strong></span> 
     </span>
     <span class='ocr_line' id='line_1_13' title="bbox 123 1070 1754 1129; baseline 0.002 -17"><span class='ocrx_word' id='word_1_80' title='bbox 123 1070 243 1113; x_wconf 84' lang='lat' dir='ltr'><strong>circa</strong></span> <span class='ocrx_word' id='word_1_81' title='bbox 264 1072 307 1114; x_wconf 91' lang='lat' dir='ltr'><strong>di</strong></span> <span class='ocrx_word' id='word_1_82' title='bbox 331 1079 602 1127; x_wconf 87' lang='lat' dir='ltr'><strong>promettere</strong></span> <span class='ocrx_word' id='word_1_83' title='bbox 623 1073 665 1114; x_wconf 91' lang='grc'><strong>31</strong></span> <span class='ocrx_word' id='word_1_84' title='bbox 687 1072 802 1114; x_wconf 89' lang='lat' dir='ltr'><strong>Rdo.</strong></span> <span class='ocrx_word' id='word_1_85' title='bbox 829 1079 874 1114; x_wconf 94' lang='lat' dir='ltr'><strong>et</strong></span> <span class='ocrx_word' id='word_1_86' title='bbox 896 1072 1045 1115; x_wconf 85' lang='lat' dir='ltr'><strong>nobile</strong></span> <span class='ocrx_word' id='word_1_87' title='bbox 1069 1072 1266 1127; x_wconf 88' lang='lat' dir='ltr'><strong>capitulo</strong></span> <span class='ocrx_word' id='word_1_88' title='bbox 1288 1073 1489 1128; x_wconf 82' lang='lat' dir='ltr'><strong>spirense</strong></span> <span class='ocrx_word' id='word_1_89' title='bbox 1513 1088 1571 1116; x_wconf 90' lang='lat' dir='ltr'><strong>un</strong></span> <span class='ocrx_word' id='word_1_90' title='bbox 1601 1074 1754 1129; x_wconf 88' lang='lat' dir='ltr'><strong>predi-</strong></span> 
     </span>
     <span class='ocr_line' id='line_1_14' title="bbox 123 1130 1753 1186; baseline 0.003 -15"><span class='ocrx_word' id='word_1_91' title='bbox 123 1137 276 1174; x_wconf 89' lang='lat' dir='ltr'><strong>catore</strong></span> <span class='ocrx_word' id='word_1_92' title='bbox 298 1138 343 1173; x_wconf 92' lang='lat' dir='ltr'><strong>et</strong></span> <span class='ocrx_word' id='word_1_93' title='bbox 366 1133 524 1174; x_wconf 85' lang='lat' dir='ltr'><strong>lettore</strong></span> <span class='ocrx_word' id='word_1_94' title='bbox 551 1131 598 1173; x_wconf 89' lang='lat' dir='ltr'><strong>in</strong></span> <span class='ocrx_word' id='word_1_95' title='bbox 636 1130 880 1186; x_wconf 83' lang='lat' dir='ltr'><strong>theologia,</strong></span> <span class='ocrx_word' id='word_1_96' title='bbox 922 1138 966 1174; x_wconf 90' lang='lat' dir='ltr'><strong>et</strong></span> <span class='ocrx_word' id='word_1_97' title='bbox 1003 1132 1177 1174; x_wconf 76' lang='lat' dir='ltr'><strong>benche</strong></span> <span class='ocrx_word' id='word_1_98' title='bbox 1200 1146 1290 1174; x_wconf 90' lang='lat' dir='ltr'><strong>non</strong></span> <span class='ocrx_word' id='word_1_99' title='bbox 1319 1132 1466 1174; x_wconf 85' lang='lat' dir='ltr'><strong>vorria</strong></span> <span class='ocrx_word' id='word_1_100' title='bbox 1487 1132 1532 1174; x_wconf 92' lang='lat' dir='ltr'><strong>in</strong></span> <span class='ocrx_word' id='word_1_101' title='bbox 1556 1147 1753 1176; x_wconf 90' lang='lat' dir='ltr'><strong>nessuno</strong></span> 
     </span>
     <span class='ocr_line' id='line_1_15' title="bbox 122 1190 1754 1235; baseline 0.001 -4"><span class='ocrx_word' id='word_1_102' title='bbox 122 1190 256 1231; x_wconf 88' lang='lat' dir='ltr'><strong>modo</strong></span> <span class='ocrx_word' id='word_1_103' title='bbox 274 1190 359 1233; x_wconf 91' lang='lat' dir='ltr'><strong>che</strong></span> <span class='ocrx_word' id='word_1_104' title='bbox 382 1190 617 1232; x_wconf 87' lang='lat' dir='ltr'><strong>facessimo</strong></span> <span class='ocrx_word' id='word_1_105' title='bbox 640 1204 666 1232; x_wconf 96' lang='lat' dir='ltr'><strong>o</strong></span> <span class='ocrx_word' id='word_1_106' title='bbox 683 1190 1045 1233; x_wconf 89' lang='lat' dir='ltr'><strong>domandassimo</strong></span> <span class='ocrx_word' id='word_1_107' title='bbox 1062 1204 1167 1233; x_wconf 90' lang='lat' dir='ltr'><strong>cosa</strong></span> <span class='ocrx_word' id='word_1_108' title='bbox 1184 1193 1378 1234; x_wconf 88' lang='lat' dir='ltr'><strong>alchuna</strong></span> <span class='ocrx_word' id='word_1_109' title='bbox 1396 1198 1554 1234; x_wconf 88' lang='lat' dir='ltr'><strong>contra</strong></span> <span class='ocrx_word' id='word_1_110' title='bbox 1571 1193 1600 1234; x_wconf 77' lang='lat' dir='ltr'><strong>l’</strong></span> <span class='ocrx_word' id='word_1_111' title='bbox 1620 1192 1754 1235; x_wconf 87' lang='lat' dir='ltr'><strong>insti—</strong></span> 
     </span>
     <span class='ocr_line' id='line_1_16' title="bbox 124 1249 1753 1305; baseline 0.003 -16"><span class='ocrx_word' id='word_1_112' title='bbox 124 1255 222 1291; x_wconf 85' lang='lat' dir='ltr'><strong>tuto</strong></span> <span class='ocrx_word' id='word_1_113' title='bbox 239 1249 355 1291; x_wconf 81' lang='lat' dir='ltr'><strong>della</strong></span> <span class='ocrx_word' id='word_1_114' title='bbox 372 1249 668 1305; x_wconf 84' lang='lat' dir='ltr'><strong>Compagnia,</strong></span> <span class='ocrx_word' id='word_1_115' title='bbox 690 1249 1025 1293; x_wconf 89' lang='lat' dir='ltr'><strong>nientedimeno</strong></span> <span class='ocrx_word' id='word_1_116' title='bbox 1042 1251 1180 1292; x_wconf 89' lang='lat' dir='ltr'><strong>molto</strong></span> <span class='ocrx_word' id='word_1_117' title='bbox 1199 1250 1258 1291; x_wconf 88' lang='lat' dir='ltr'><strong>mi</strong></span> <span class='ocrx_word' id='word_1_118' title='bbox 1276 1250 1561 1293; x_wconf 86' lang='lat' dir='ltr'><strong>contristaria</strong></span> <span class='ocrx_word' id='word_1_119' title='bbox 1579 1266 1628 1295; x_wconf 88' lang='lat' dir='ltr'><strong>se</strong></span> <span class='ocrx_word' id='word_1_120' title='bbox 1650 1265 1753 1294; x_wconf 87' lang='lat' dir='ltr'><strong>curn</strong></span> 
     </span>
     <span class='ocr_line' id='line_1_17' title="bbox 118 1308 1754 1366; baseline 0.001 -16"><span class='ocrx_word' id='word_1_121' title='bbox 118 1314 280 1362; x_wconf 86' lang='lat' dir='ltr'><strong>questa</strong></span> <span class='ocrx_word' id='word_1_122' title='bbox 302 1308 537 1351; x_wconf 78' lang='lat' dir='ltr'><strong>occasione</strong></span> <span class='ocrx_word' id='word_1_123' title='bbox 575 1315 620 1352; x_wconf 91' lang='lat' dir='ltr'><strong>et</strong></span> <span class='ocrx_word' id='word_1_124' title='bbox 642 1308 687 1350; x_wconf 88' lang='lat' dir='ltr'><strong>in</strong></span> <span class='ocrx_word' id='word_1_125' title='bbox 711 1309 860 1364; x_wconf 88' lang='lat' dir='ltr'><strong>quella</strong></span> <span class='ocrx_word' id='word_1_126' title='bbox 882 1308 970 1350; x_wconf 70' lang='lat' dir='ltr'><strong>cita</strong></span> <span class='ocrx_word' id='word_1_127' title='bbox 1005 1316 1049 1351; x_wconf 93' lang='lat' dir='ltr'><strong>et</strong></span> <span class='ocrx_word' id='word_1_128' title='bbox 1071 1309 1117 1350; x_wconf 91' lang='lat' dir='ltr'><strong>in</strong></span> <span class='ocrx_word' id='word_1_129' title='bbox 1145 1310 1257 1351; x_wconf 85' lang='lat' dir='ltr'><strong>altre</strong></span> <span class='ocrx_word' id='word_1_130' title='bbox 1280 1309 1317 1352; x_wconf 90' lang='lat' dir='ltr'><strong>si</strong></span> <span class='ocrx_word' id='word_1_131' title='bbox 1341 1309 1580 1365; x_wconf 87' lang='lat' dir='ltr'><strong>impedisse</strong></span> <span class='ocrx_word' id='word_1_132' title='bbox 1609 1311 1754 1366; x_wconf 87' lang='lat' dir='ltr'><strong>grand</strong></span> 
     </span>
     <span class='ocr_line' id='line_1_18' title="bbox 119 1367 1752 1424; baseline 0.003 -16"><span class='ocrx_word' id='word_1_133' title='bbox 119 1367 258 1409; x_wconf 86' lang='lat' dir='ltr'><strong>frutto</strong></span> <span class='ocrx_word' id='word_1_134' title='bbox 281 1368 399 1410; x_wconf 89' lang='lat' dir='ltr'><strong>delle</strong></span> <span class='ocrx_word' id='word_1_135' title='bbox 422 1368 584 1419; x_wconf 86' lang='lat' dir='ltr'><strong>anime,</strong></span> <span class='ocrx_word' id='word_1_136' title='bbox 611 1375 656 1411; x_wconf 93' lang='lat' dir='ltr'><strong>et</strong></span> <span class='ocrx_word' id='word_1_137' title='bbox 683 1367 821 1410; x_wconf 86' lang='lat' dir='ltr'><strong>sarria</strong></span> <span class='ocrx_word' id='word_1_138' title='bbox 853 1368 1090 1410; x_wconf 82' lang='lat' dir='ltr'><strong>occasione</strong></span> <span class='ocrx_word' id='word_1_139' title='bbox 1127 1369 1171 1409; x_wconf 85' lang='lat' dir='ltr'><strong>di</strong></span> <span class='ocrx_word' id='word_1_140' title='bbox 1194 1383 1285 1410; x_wconf 91' lang='lat' dir='ltr'><strong>non</strong></span> <span class='ocrx_word' id='word_1_141' title='bbox 1314 1370 1479 1410; x_wconf 87' lang='lat' dir='ltr'><strong>fundar</strong></span> <span class='ocrx_word' id='word_1_142' title='bbox 1502 1369 1557 1412; x_wconf 77' lang='lat' dir='ltr'><strong>ne</strong></span> <span class='ocrx_word' id='word_1_143' title='bbox 1587 1377 1752 1424; x_wconf 86' lang='lat' dir='ltr'><strong>questo</strong></span> 
     </span>
     <span class='ocr_line' id='line_1_19' title="bbox 119 1426 1755 1483; baseline 0.002 -15"><span class='ocrx_word' id='word_1_144' title='bbox 119 1426 175 1468; x_wconf 78' lang='lat' dir='ltr'><strong>ne</strong></span> <span class='ocrx_word' id='word_1_145' title='bbox 198 1427 298 1468; x_wconf 88' lang='lat' dir='ltr'><strong>altri</strong></span> <span class='ocrx_word' id='word_1_146' title='bbox 321 1427 501 1483; x_wconf 88' lang='lat' dir='ltr'><strong>collegii</strong></span> <span class='ocrx_word' id='word_1_147' title='bbox 523 1427 568 1468; x_wconf 91' lang='lat' dir='ltr'><strong>in</strong></span> <span class='ocrx_word' id='word_1_148' title='bbox 591 1434 748 1481; x_wconf 83' lang='lat' dir='ltr'><strong>queste</strong></span> <span class='ocrx_word' id='word_1_149' title='bbox 771 1428 934 1479; x_wconf 87' lang='lat' dir='ltr'><strong>bande,</strong></span> <span class='ocrx_word' id='word_1_150' title='bbox 965 1428 1084 1470; x_wconf 89' lang='lat' dir='ltr'><strong>doue</strong></span> <span class='ocrx_word' id='word_1_151' title='bbox 1106 1428 1147 1469; x_wconf 90' lang='grc'><strong>13</strong></span> <span class='ocrx_word' id='word_1_152' title='bbox 1176 1441 1313 1470; x_wconf 86' lang='lat' dir='ltr'><strong>causa</strong></span> <span class='ocrx_word' id='word_1_153' title='bbox 1342 1429 1459 1471; x_wconf 90' lang='lat' dir='ltr'><strong>della</strong></span> <span class='ocrx_word' id='word_1_154' title='bbox 1489 1428 1755 1471; x_wconf 84' lang='lat' dir='ltr'><strong>fundatione</strong></span> 
     </span>
     <span class='ocr_line' id='line_1_20' title="bbox 116 1485 1755 1543; baseline 0.002 -16"><span class='ocrx_word' id='word_1_155' title='bbox 116 1485 164 1527; x_wconf 91' lang='lat' dir='ltr'><strong>di</strong></span> <span class='ocrx_word' id='word_1_156' title='bbox 187 1486 379 1542; x_wconf 86' lang='lat' dir='ltr'><strong>collegio</strong></span> <span class='ocrx_word' id='word_1_157' title='bbox 408 1487 430 1529; x_wconf 80' lang='grc' dir='ltr'>ὲ</span> <span class='ocrx_word' id='word_1_158' title='bbox 452 1487 499 1529; x_wconf 89' lang='lat' dir='ltr'><strong>in</strong></span> <span class='ocrx_word' id='word_1_159' title='bbox 521 1501 634 1542; x_wconf 89' lang='lat' dir='ltr'><strong>gran</strong></span> <span class='ocrx_word' id='word_1_160' title='bbox 664 1494 789 1542; x_wconf 86' lang='lat' dir='ltr'><strong>parte</strong></span> <span class='ocrx_word' id='word_1_161' title='bbox 825 1501 904 1541; x_wconf 89' lang='lat' dir='ltr'><strong>per</strong></span> <span class='ocrx_word' id='word_1_162' title='bbox 941 1487 1083 1529; x_wconf 86' lang='lat' dir='ltr'><strong>hauer</strong></span> <span class='ocrx_word' id='word_1_163' title='bbox 1122 1486 1420 1542; x_wconf 86' lang='lat' dir='ltr'><strong>predicatore.</strong></span> <span class='ocrx_word' id='word_1_164' title='bbox 1462 1488 1680 1543; x_wconf 88' lang='lat' dir='ltr'><strong>Legendo</strong></span> <span class='ocrx_word' id='word_1_165' title='bbox 1710 1495 1755 1530; x_wconf 91' lang='lat' dir='ltr'><strong>et</strong></span> 
     </span>
     <span class='ocr_line' id='line_1_21' title="bbox 119 1545 1754 1590; baseline 0.002 -4"><span class='ocrx_word' id='word_1_166' title='bbox 119 1546 395 1588; x_wconf 87' lang='lat' dir='ltr'><strong>conferendo</strong></span> <span class='ocrx_word' id='word_1_167' title='bbox 418 1545 448 1587; x_wconf 93' lang='lat' dir='ltr'><strong>li</strong></span> <span class='ocrx_word' id='word_1_168' title='bbox 472 1545 591 1588; x_wconf 90' lang='lat' dir='ltr'><strong>lochi</strong></span> <span class='ocrx_word' id='word_1_169' title='bbox 628 1546 744 1589; x_wconf 89' lang='lat' dir='ltr'><strong>delle</strong></span> <span class='ocrx_word' id='word_1_170' title='bbox 767 1545 1076 1588; x_wconf 87' lang='lat' dir='ltr'><strong>constitutioni</strong></span> <span class='ocrx_word' id='word_1_171' title='bbox 1104 1554 1148 1588; x_wconf 93' lang='lat' dir='ltr'><strong>et</strong></span> <span class='ocrx_word' id='word_1_172' title='bbox 1177 1546 1469 1588; x_wconf 81' lang='lat' dir='ltr'><strong>declarationi</strong></span> <span class='ocrx_word' id='word_1_173' title='bbox 1501 1554 1546 1590; x_wconf 91' lang='lat' dir='ltr'><strong>et</strong></span> <span class='ocrx_word' id='word_1_174' title='bbox 1568 1548 1687 1590; x_wconf 86' lang='lat' dir='ltr'><strong>bolle</strong></span> <span class='ocrx_word' id='word_1_175' title='bbox 1710 1554 1754 1590; x_wconf 91' lang='lat' dir='ltr'><strong>et</strong></span> 
     </span>
     <span class='ocr_line' id='line_1_22' title="bbox 118 1604 1753 1661; baseline 0.001 -15"><span class='ocrx_word' id='word_1_176' title='bbox 118 1604 231 1647; x_wconf 91' lang='lat' dir='ltr'><strong>altre</strong></span> <span class='ocrx_word' id='word_1_177' title='bbox 253 1605 477 1661; x_wconf 88' lang='lat' dir='ltr'><strong>raggioni,</strong></span> <span class='ocrx_word' id='word_1_178' title='bbox 499 1606 540 1647; x_wconf 92' lang='lat' dir='ltr'><strong>le</strong></span> <span class='ocrx_word' id='word_1_179' title='bbox 558 1605 690 1660; x_wconf 88' lang='lat' dir='ltr'><strong>quale</strong></span> <span class='ocrx_word' id='word_1_180' title='bbox 712 1619 1034 1656; x_wconf 89' lang='lat' dir='ltr'><strong>occorreuano,</strong></span> <span class='ocrx_word' id='word_1_181' title='bbox 1056 1620 1081 1647; x_wconf 93' lang='lat' dir='ltr'><strong>a</strong></span> <span class='ocrx_word' id='word_1_182' title='bbox 1099 1620 1170 1647; x_wconf 89' lang='lat' dir='ltr'><strong>me</strong></span> <span class='ocrx_word' id='word_1_183' title='bbox 1189 1619 1293 1660; x_wconf 85' lang='lat' dir='ltr'><strong>pare</strong></span> <span class='ocrx_word' id='word_1_184' title='bbox 1312 1607 1396 1647; x_wconf 89' lang='lat' dir='ltr'><strong>che</strong></span> <span class='ocrx_word' id='word_1_185' title='bbox 1414 1606 1455 1647; x_wconf 92' lang='grc'><strong>13</strong></span> <span class='ocrx_word' id='word_1_186' title='bbox 1473 1605 1753 1661; x_wconf 80' lang='lat' dir='ltr'><strong>obligatione</strong></span> 
     </span>
     <span class='ocr_line' id='line_1_23' title="bbox 118 1662 1754 1719; baseline 0.001 -14"><span class='ocrx_word' id='word_1_187' title='bbox 118 1662 164 1704; x_wconf 91' lang='lat' dir='ltr'><strong>in</strong></span> <span class='ocrx_word' id='word_1_188' title='bbox 187 1665 323 1706; x_wconf 91' lang='lat' dir='ltr'><strong>modo</strong></span> <span class='ocrx_word' id='word_1_189' title='bbox 342 1678 468 1706; x_wconf 85' lang='lat' dir='ltr'><strong>come</strong></span> <span class='ocrx_word' id='word_1_190' title='bbox 490 1664 520 1706; x_wconf 90' lang='lat' dir='ltr'><strong>il</strong></span> <span class='ocrx_word' id='word_1_191' title='bbox 542 1664 739 1719; x_wconf 89' lang='lat' dir='ltr'><strong>capitulo</strong></span> <span class='ocrx_word' id='word_1_192' title='bbox 762 1665 804 1706; x_wconf 94' lang='lat' dir='ltr'><strong>lo</strong></span> <span class='ocrx_word' id='word_1_193' title='bbox 827 1665 1065 1715; x_wconf 89' lang='lat' dir='ltr'><strong>domanda,</strong></span> <span class='ocrx_word' id='word_1_194' title='bbox 1086 1664 1123 1706; x_wconf 91' lang='lat' dir='ltr'><strong>si</strong></span> <span class='ocrx_word' id='word_1_195' title='bbox 1146 1665 1235 1719; x_wconf 81' lang='lat' dir='ltr'><strong>puo</strong></span> <span class='ocrx_word' id='word_1_196' title='bbox 1257 1666 1314 1706; x_wconf 90' lang='lat' dir='ltr'><strong>da</strong></span> <span class='ocrx_word' id='word_1_197' title='bbox 1337 1666 1391 1707; x_wconf 92' lang='lat' dir='ltr'><strong>V.</strong></span> <span class='ocrx_word' id='word_1_198' title='bbox 1422 1667 1473 1708; x_wconf 82' lang='lat' dir='ltr'><strong>P.</strong></span> <span class='ocrx_word' id='word_1_199' title='bbox 1502 1665 1594 1707; x_wconf 81' lang='lat' dir='ltr'><strong>fare</strong></span> <span class='ocrx_word' id='word_1_200' title='bbox 1616 1679 1754 1707; x_wconf 82' lang='lat' dir='ltr'><strong>senza</strong></span> 
     </span>
     <span class='ocr_line' id='line_1_24' title="bbox 118 1722 1754 1779; baseline 0.001 -16"><span class='ocrx_word' id='word_1_201' title='bbox 118 1722 369 1778; x_wconf 88' lang='lat' dir='ltr'><strong>preiudicio</strong></span> <span class='ocrx_word' id='word_1_202' title='bbox 391 1724 463 1765; x_wconf 90' lang='lat' dir='ltr'><strong>dal</strong></span> <span class='ocrx_word' id='word_1_203' title='bbox 484 1723 691 1765; x_wconf 89' lang='lat' dir='ltr'><strong>instituto</strong></span> <span class='ocrx_word' id='word_1_204' title='bbox 713 1724 830 1766; x_wconf 91' lang='lat' dir='ltr'><strong>della</strong></span> <span class='ocrx_word' id='word_1_205' title='bbox 847 1723 1184 1779; x_wconf 87' lang='lat' dir='ltr'><strong>Compagnia...</strong></span> <span class='ocrx_word' id='word_1_206' title='bbox 1211 1731 1256 1766; x_wconf 91' lang='lat' dir='ltr'><strong>et</strong></span> <span class='ocrx_word' id='word_1_207' title='bbox 1278 1724 1441 1779; x_wconf 76' lang='lat' dir='ltr'><strong>perche</strong></span> <span class='ocrx_word' id='word_1_208' title='bbox 1463 1723 1493 1764; x_wconf 88' lang='lat' dir='ltr'><strong>il</strong></span> <span class='ocrx_word' id='word_1_209' title='bbox 1517 1725 1569 1766; x_wconf 83' lang='lat' dir='ltr'><strong>R.</strong></span> <span class='ocrx_word' id='word_1_210' title='bbox 1605 1726 1657 1767; x_wconf 88' lang='lat' dir='ltr'><strong>P.</strong></span> <span class='ocrx_word' id='word_1_211' title='bbox 1684 1724 1754 1766; x_wconf 83' lang='lat' dir='ltr'><strong>vi-</strong></span> 
     </span>
     <span class='ocr_line' id='line_1_25' title="bbox 119 1781 1750 1839; baseline 0.001 -16"><span class='ocrx_word' id='word_1_212' title='bbox 119 1781 304 1825; x_wconf 86' lang='lat' dir='ltr'><strong>sitatore</strong></span> <span class='ocrx_word' id='word_1_213' title='bbox 327 1782 371 1824; x_wconf 91' lang='lat' dir='ltr'><strong>di</strong></span> <span class='ocrx_word' id='word_1_214' title='bbox 393 1790 554 1836; x_wconf 87' lang='lat' dir='ltr'><strong>questo</strong></span> <span class='ocrx_word' id='word_1_215' title='bbox 575 1784 717 1839; x_wconf 86' lang='lat' dir='ltr'><strong>(come</strong></span> <span class='ocrx_word' id='word_1_216' title='bbox 739 1783 890 1838; x_wconf 85' lang='lat' dir='ltr'><strong>credo)</strong></span> <span class='ocrx_word' id='word_1_217' title='bbox 913 1782 1110 1825; x_wconf 74' lang='lat' dir='ltr'><strong>scriuera</strong></span> <span class='ocrx_word' id='word_1_218' title='bbox 1140 1783 1226 1824; x_wconf 89' lang='lat' dir='ltr'><strong>alla</strong></span> <span class='ocrx_word' id='word_1_219' title='bbox 1248 1784 1301 1825; x_wconf 85' lang='lat' dir='ltr'><strong>R.</strong></span> <span class='ocrx_word' id='word_1_220' title='bbox 1330 1784 1383 1826; x_wconf 87' lang='lat' dir='ltr'><strong>P.</strong></span> <span class='ocrx_word' id='word_1_221' title='bbox 1410 1784 1466 1825; x_wconf 92' lang='lat' dir='ltr'><strong>V.</strong></span> <span class='ocrx_word' id='word_1_222' title='bbox 1489 1783 1574 1825; x_wconf 90' lang='lat' dir='ltr'><strong>alla</strong></span> <span class='ocrx_word' id='word_1_223' title='bbox 1595 1784 1750 1839; x_wconf 90' lang='lat' dir='ltr'><strong>longa,</strong></span> 
     </span>
     <span class='ocr_line' id='line_1_26' title="bbox 118 1841 1751 1897; baseline 0.002 -15"><span class='ocrx_word' id='word_1_224' title='bbox 118 1855 211 1883; x_wconf 90' lang='lat' dir='ltr'><strong>non</strong></span> <span class='ocrx_word' id='word_1_225' title='bbox 233 1841 292 1883; x_wconf 89' lang='lat' dir='ltr'><strong>mi</strong></span> <span class='ocrx_word' id='word_1_226' title='bbox 310 1843 548 1885; x_wconf 68' lang='lat' dir='ltr'><strong>estendere</strong></span> <span class='ocrx_word' id='word_1_227' title='bbox 571 1841 645 1897; x_wconf 73' lang='lat' dir='ltr'><strong>piu</strong></span> <span class='ocrx_word' id='word_1_228' title='bbox 669 1841 714 1883; x_wconf 91' lang='lat' dir='ltr'><strong>in</strong></span> <span class='ocrx_word' id='word_1_229' title='bbox 736 1848 912 1896; x_wconf 82' lang='lat' dir='ltr'><strong>questo3</strong></span> <span class='ocrx_word' id='word_1_230' title='bbox 933 1843 1179 1885; x_wconf 88' lang='lat' dir='ltr'><strong>solamente</strong></span> <span class='ocrx_word' id='word_1_231' title='bbox 1202 1841 1231 1882; x_wconf 87' lang='lat' dir='ltr'><strong>li</strong></span> <span class='ocrx_word' id='word_1_232' title='bbox 1256 1841 1446 1897; x_wconf 83' lang='lat' dir='ltr'><strong>pregaro</strong></span> <span class='ocrx_word' id='word_1_233' title='bbox 1469 1843 1554 1885; x_wconf 90' lang='lat' dir='ltr'><strong>che</strong></span> <span class='ocrx_word' id='word_1_234' title='bbox 1576 1842 1622 1885; x_wconf 89' lang='lat' dir='ltr'><strong>in</strong></span> <span class='ocrx_word' id='word_1_235' title='bbox 1646 1856 1751 1885; x_wconf 86' lang='lat' dir='ltr'><strong>caso</strong></span> 
     </span>
     <span class='ocr_line' id='line_1_27' title="bbox 116 1900 1753 1956; baseline 0.002 -15"><span class='ocrx_word' id='word_1_236' title='bbox 116 1902 202 1944; x_wconf 91' lang='lat' dir='ltr'><strong>che</strong></span> <span class='ocrx_word' id='word_1_237' title='bbox 225 1901 344 1943; x_wconf 88' lang='lat' dir='ltr'><strong>fosse</strong></span> <span class='ocrx_word' id='word_1_238' title='bbox 368 1915 581 1956; x_wconf 88' lang='lat' dir='ltr'><strong>appresso</strong></span> <span class='ocrx_word' id='word_1_239' title='bbox 604 1901 648 1942; x_wconf 88' lang='lat' dir='ltr'><strong>di</strong></span> <span class='ocrx_word' id='word_1_240' title='bbox 672 1902 728 1944; x_wconf 92' lang='lat' dir='ltr'><strong>V.</strong></span> <span class='ocrx_word' id='word_1_241' title='bbox 756 1902 809 1944; x_wconf 88' lang='lat' dir='ltr'><strong>R.</strong></span> <span class='ocrx_word' id='word_1_242' title='bbox 832 1902 891 1945; x_wconf 86' lang='grc' dir='ltr'><strong>Ρ.</strong></span> <span class='ocrx_word' id='word_1_243' title='bbox 928 1902 1121 1955; x_wconf 89' lang='lat' dir='ltr'><strong>qualche</strong></span> <span class='ocrx_word' id='word_1_244' title='bbox 1158 1900 1391 1954; x_wconf 71' lang='lat' dir='ltr'><strong>difficulta,</strong></span> <span class='ocrx_word' id='word_1_245' title='bbox 1417 1902 1501 1943; x_wconf 88' lang='lat' dir='ltr'><strong>che</strong></span> <span class='ocrx_word' id='word_1_246' title='bbox 1529 1901 1575 1942; x_wconf 92' lang='lat' dir='ltr'><strong>in</strong></span> <span class='ocrx_word' id='word_1_247' title='bbox 1603 1902 1753 1956; x_wconf 90' lang='lat' dir='ltr'><strong>quello</strong></span> 
     </span>
    </p>
   </div>
   <div class='ocr_carea' id='block_1_7' title="bbox 74 1960 1752 2017">
    <p class='ocr_par' dir='ltr' id='par_1_7' title="bbox 74 1960 1752 2017">
     <span class='ocr_line' id='line_1_28' title="bbox 74 1960 1752 2017; baseline 0.001 -16"><span class='ocrx_word' id='word_1_248' title='bbox 74 1974 78 1979; x_wconf 72' lang='lat'><strong><em>¹</em></strong></span> <span class='ocrx_word' id='word_1_249' title='bbox 114 1961 200 2002; x_wconf 89' lang='lat' dir='ltr'><strong>che</strong></span> <span class='ocrx_word' id='word_1_250' title='bbox 222 1960 247 2002; x_wconf 81' lang='lat' dir='ltr'><strong>e</strong></span> <span class='ocrx_word' id='word_1_251' title='bbox 270 1960 345 2015; x_wconf 82' lang='lat' dir='ltr'><strong>gia</strong></span> <span class='ocrx_word' id='word_1_252' title='bbox 368 1961 480 2002; x_wconf 87' lang='lat' dir='ltr'><strong>fatto</strong></span> <span class='ocrx_word' id='word_1_253' title='bbox 503 1975 529 2002; x_wconf 97' lang='lat' dir='ltr'><strong>o</strong></span> <span class='ocrx_word' id='word_1_254' title='bbox 552 1961 807 2011; x_wconf 88' lang='lat' dir='ltr'><strong>accordato,</strong></span> <span class='ocrx_word' id='word_1_255' title='bbox 833 1974 961 2004; x_wconf 90' lang='lat' dir='ltr'><strong>come</strong></span> <span class='ocrx_word' id='word_1_256' title='bbox 989 1960 1063 2016; x_wconf 80' lang='lat' dir='ltr'><strong>gia</strong></span> <span class='ocrx_word' id='word_1_257' title='bbox 1085 1962 1254 2002; x_wconf 75' lang='lat' dir='ltr'><strong>hauera</strong></span> <span class='ocrx_word' id='word_1_258' title='bbox 1283 1960 1428 2004; x_wconf 87' lang='lat' dir='ltr'><strong>inteso</strong></span> <span class='ocrx_word' id='word_1_259' title='bbox 1452 1974 1531 2014; x_wconf 89' lang='lat' dir='ltr'><strong>per</strong></span> <span class='ocrx_word' id='word_1_260' title='bbox 1553 1961 1595 2002; x_wconf 93' lang='grc'><strong>13</strong></span> <span class='ocrx_word' id='word_1_261' title='bbox 1624 1961 1752 2017; x_wconf 84' lang='grc' dir='ltr'><strong>0ορ13</strong></span> 
     </span>
    </p>
   </div>
   <div class='ocr_carea' id='block_1_8' title="bbox 113 2018 1752 2134">
    <p class='ocr_par' dir='ltr' id='par_1_8' title="bbox 113 2018 1752 2134">
     <span class='ocr_line' id='line_1_29' title="bbox 113 2018 1752 2075; baseline 0.001 -15"><span class='ocrx_word' id='word_1_262' title='bbox 113 2018 160 2060; x_wconf 92' lang='lat' dir='ltr'><strong>di</strong></span> <span class='ocrx_word' id='word_1_263' title='bbox 177 2019 301 2061; x_wconf 91' lang='lat' dir='ltr'><strong>detta</strong></span> <span class='ocrx_word' id='word_1_264' title='bbox 325 2019 588 2062; x_wconf 85' lang='lat' dir='ltr'><strong>fundatione</strong></span> <span class='ocrx_word' id='word_1_265' title='bbox 611 2019 683 2062; x_wconf 92' lang='lat' dir='ltr'><strong>del</strong></span> <span class='ocrx_word' id='word_1_266' title='bbox 700 2019 892 2075; x_wconf 90' lang='lat' dir='ltr'><strong>collegio</strong></span> <span class='ocrx_word' id='word_1_267' title='bbox 915 2019 1131 2075; x_wconf 89' lang='lat' dir='ltr'><strong>spirense,</strong></span> <span class='ocrx_word' id='word_1_268' title='bbox 1157 2021 1242 2063; x_wconf 87' lang='lat' dir='ltr'><strong>che</strong></span> <span class='ocrx_word' id='word_1_269' title='bbox 1264 2019 1417 2075; x_wconf 88' lang='lat' dir='ltr'><strong>voglia</strong></span> <span class='ocrx_word' id='word_1_270' title='bbox 1435 2018 1685 2075; x_wconf 90' lang='lat' dir='ltr'><strong>dispensar,</strong></span> <span class='ocrx_word' id='word_1_271' title='bbox 1707 2027 1752 2063; x_wconf 90' lang='lat' dir='ltr'><strong>et</strong></span> 
     </span>
     <span class='ocr_line' id='line_1_30' title="bbox 114 2078 1252 2134; baseline 0.004 -15"><span class='ocrx_word' id='word_1_272' title='bbox 114 2092 194 2133; x_wconf 90' lang='lat' dir='ltr'><strong>per</strong></span> <span class='ocrx_word' id='word_1_273' title='bbox 217 2078 245 2119; x_wconf 82' lang='lat' dir='ltr'><strong>l&#39;</strong></span> <span class='ocrx_word' id='word_1_274' title='bbox 270 2079 459 2122; x_wconf 74' lang='lat' dir='ltr'><strong>aduenis</strong></span> <span class='ocrx_word' id='word_1_275' title='bbox 480 2078 517 2121; x_wconf 89' lang='lat' dir='ltr'><strong>si</strong></span> <span class='ocrx_word' id='word_1_276' title='bbox 542 2079 670 2134; x_wconf 75' lang='lat' dir='ltr'><strong>potra</strong></span> <span class='ocrx_word' id='word_1_277' title='bbox 696 2079 762 2121; x_wconf 89' lang='lat' dir='ltr'><strong>far</strong></span> <span class='ocrx_word' id='word_1_278' title='bbox 783 2078 860 2134; x_wconf 70' lang='lat' dir='ltr'><strong>piu</strong></span> <span class='ocrx_word' id='word_1_279' title='bbox 884 2085 1191 2123; x_wconf 88' lang='lat' dir='ltr'><strong>cautamente.</strong></span> <span class='ocrx_word' id='word_1_280' title='bbox 1212 2112 1221 2122; x_wconf 92' lang='lat'><strong>.</strong></span> <span class='ocrx_word' id='word_1_281' title='bbox 1243 2113 1252 2123; x_wconf 88' lang='lat'><strong>.</strong></span> 
     </span>
    </p>
   </div>
   <div class='ocr_carea' id='block_1_9' title="bbox 364 2192 1493 2502">
    <p class='ocr_par' dir='ltr' id='par_1_9' title="bbox 364 2192 1493 2502">
     <span class='ocr_line' id='line_1_31' title="bbox 862 2192 1003 2233; baseline -0.007 0"><span class='ocrx_word' id='word_1_282' title='bbox 862 2192 1003 2233; x_wconf 83' lang='lat' dir='ltr'>XLIII</span> 
     </span>
     <span class='ocr_line' id='line_1_32' title="bbox 647 2277 1191 2315; baseline -0.002 -2"><span class='ocrx_word' id='word_1_283' title='bbox 647 2278 689 2313; x_wconf 91' lang='lat' dir='ltr'><strong>P.</strong></span> <span class='ocrx_word' id='word_1_284' title='bbox 725 2277 999 2315; x_wconf 90' lang='lat' dir='ltr'>ANTONIUS</span> <span class='ocrx_word' id='word_1_285' title='bbox 1026 2278 1191 2314; x_wconf 90' lang='lat' dir='ltr'>VINCK</span> 
     </span>
     <span class='ocr_line' id='line_1_33' title="bbox 496 2369 1366 2409; baseline 0 -10"><span class='ocrx_word' id='word_1_286' title='bbox 496 2369 709 2400; x_wconf 83' lang='lat' dir='ltr'><strong>SANCTo</strong></span> <span class='ocrx_word' id='word_1_287' title='bbox 741 2369 1056 2400; x_wconf 86' lang='lat' dir='ltr'><strong>FRANCISCO</strong></span> <span class='ocrx_word' id='word_1_288' title='bbox 1089 2370 1158 2399; x_wconf 85' lang='lat' dir='ltr'><strong>DE</strong></span> <span class='ocrx_word' id='word_1_289' title='bbox 1192 2369 1366 2409; x_wconf 84' lang='lat' dir='ltr'><strong>BoRJA</strong></span> 
     </span>
     <span class='ocr_line' id='line_1_34' title="bbox 364 2444 1493 2502; baseline 0.002 -14"><span class='ocrx_word' id='word_1_290' title='bbox 364 2446 606 2502; x_wconf 87' lang='lat' dir='ltr'><strong>Augustae</strong></span> <span class='ocrx_word' id='word_1_291' title='bbox 644 2444 958 2497; x_wconf 89' lang='lat' dir='ltr'><strong>Trevirorum,</strong></span> <span class='ocrx_word' id='word_1_292' title='bbox 1006 2457 1056 2487; x_wconf 93' lang='lat'><strong>10</strong></span> <span class='ocrx_word' id='word_1_293' title='bbox 1092 2444 1262 2501; x_wconf 88' lang='lat' dir='ltr'><strong>Aprilis</strong></span> <span class='ocrx_word' id='word_1_294' title='bbox 1307 2445 1416 2499; x_wconf 85' lang='lat'>1567</span> <span class='ocrx_word' id='word_1_295' title='bbox 1455 2445 1493 2490; x_wconf 74' lang='lat'><strong>².</strong></span> 
     </span>
    </p>
   </div>
   <div class='ocr_carea' id='block_1_10' title="bbox 248 2533 1604 2629">
    <p class='ocr_par' dir='ltr' id='par_1_10' title="bbox 248 2533 1604 2629">
     <span class='ocr_line' id='line_1_35' title="bbox 248 2533 1604 2581; baseline -0.001 -13"><span class='ocrx_word' id='word_1_296' title='bbox 248 2534 309 2570; x_wconf 87' lang='lat' dir='ltr'><strong>De</strong></span> <span class='ocrx_word' id='word_1_297' title='bbox 326 2534 464 2569; x_wconf 80' lang='lat' dir='ltr'><strong>habitu</strong></span> <span class='ocrx_word' id='word_1_298' title='bbox 482 2546 507 2570; x_wconf 88' lang='lat' dir='ltr'><em>a</em></span> <span class='ocrx_word' id='word_1_299' title='bbox 524 2534 639 2569; x_wconf 78' lang='lat' dir='ltr'><strong>sociis</strong></span> <span class='ocrx_word' id='word_1_300' title='bbox 649 2535 845 2581; x_wconf 80' lang='lat' dir='ltr'><strong>gestando</strong></span> <span class='ocrx_word' id='word_1_301' title='bbox 863 2535 917 2569; x_wconf 84' lang='lat' dir='ltr'><strong>ad</strong></span> <span class='ocrx_word' id='word_1_302' title='bbox 931 2536 1101 2569; x_wconf 81' lang='lat' dir='ltr'><strong>mentem</strong></span> <span class='ocrx_word' id='word_1_303' title='bbox 1111 2534 1337 2580; x_wconf 73' lang='lat' dir='ltr'><strong>praepositi</strong></span> <span class='ocrx_word' id='word_1_304' title='bbox 1346 2533 1554 2581; x_wconf 79' lang='lat' dir='ltr'><strong>generalis</strong></span> <span class='ocrx_word' id='word_1_305' title='bbox 1567 2536 1604 2568; x_wconf 84' lang='lat' dir='ltr'><strong>et</strong></span> 
     </span>
     <span class='ocr_line' id='line_1_36' title="bbox 752 2593 1096 2629; baseline 0.003 -1"><span class='ocrx_word' id='word_1_306' title='bbox 752 2594 894 2629; x_wconf 83' lang='lat' dir='ltr'><strong>Patris</strong></span> <span class='ocrx_word' id='word_1_307' title='bbox 917 2593 1096 2629; x_wconf 79' lang='lat' dir='ltr'><strong>Natalis.</strong></span> 
     </span>
    </p>
   </div>
   <div class='ocr_carea' id='block_1_11' title="bbox 105 2669 1740 2786">
    <p class='ocr_par' dir='ltr' id='par_1_11' title="bbox 105 2669 1740 2786">
     <span class='ocr_line' id='line_1_37' title="bbox 195 2669 1738 2727; baseline -0.001 -13"><span class='ocrx_word' id='word_1_308' title='bbox 195 2671 226 2727; x_wconf 64' lang='grc' dir='ltr'><strong>’ξ’</strong></span> <span class='ocrx_word' id='word_1_309' title='bbox 288 2672 431 2715; x_wconf 93' lang='lat' dir='ltr'><strong>Molto</strong></span> <span class='ocrx_word' id='word_1_310' title='bbox 455 2673 575 2716; x_wconf 90' lang='lat' dir='ltr'><strong>Rdo.</strong></span> <span class='ocrx_word' id='word_1_311' title='bbox 606 2678 761 2714; x_wconf 89' lang='lat' dir='ltr'><strong>nostro</strong></span> <span class='ocrx_word' id='word_1_312' title='bbox 783 2671 830 2715; x_wconf 89' lang='lat' dir='ltr'><strong>in</strong></span> <span class='ocrx_word' id='word_1_313' title='bbox 853 2671 1035 2714; x_wconf 90' lang='lat' dir='ltr'><strong>Christo</strong></span> <span class='ocrx_word' id='word_1_314' title='bbox 1053 2671 1215 2715; x_wconf 88' lang='lat' dir='ltr'><strong>Padre.</strong></span> <span class='ocrx_word' id='word_1_315' title='bbox 1241 2671 1337 2714; x_wconf 84' lang='lat' dir='ltr'><strong>Pax</strong></span> <span class='ocrx_word' id='word_1_316' title='bbox 1359 2669 1546 2714; x_wconf 90' lang='lat' dir='ltr'><strong>Christi.</strong></span> <span class='ocrx_word' id='word_1_317' title='bbox 1565 2670 1599 2712; x_wconf 93' lang='lat' dir='ltr'><strong>Il</strong></span> <span class='ocrx_word' id='word_1_318' title='bbox 1622 2669 1738 2712; x_wconf 86' lang='lat' dir='ltr'><strong>Rdo.</strong></span> 
     </span>
     <span class='ocr_line' id='line_1_38' title="bbox 105 2728 1740 2786; baseline -0.002 -14"><span class='ocrx_word' id='word_1_319' title='bbox 105 2730 153 2772; x_wconf 89' lang='lat' dir='ltr'><strong>in</strong></span> <span class='ocrx_word' id='word_1_320' title='bbox 191 2730 374 2774; x_wconf 89' lang='lat' dir='ltr'><strong>Christo</strong></span> <span class='ocrx_word' id='word_1_321' title='bbox 406 2734 542 2775; x_wconf 87' lang='lat' dir='ltr'><strong>Pater</strong></span> <span class='ocrx_word' id='word_1_322' title='bbox 569 2732 731 2775; x_wconf 88' lang='lat' dir='ltr'><strong>Natale</strong></span> <span class='ocrx_word' id='word_1_323' title='bbox 758 2733 816 2774; x_wconf 88' lang='lat' dir='ltr'><strong>ha</strong></span> <span class='ocrx_word' id='word_1_324' title='bbox 845 2730 1177 2774; x_wconf 89' lang='lat' dir='ltr'><strong>communicato</strong></span> <span class='ocrx_word' id='word_1_325' title='bbox 1215 2744 1346 2773; x_wconf 91' lang='lat' dir='ltr'><strong>meco</strong></span> <span class='ocrx_word' id='word_1_326' title='bbox 1385 2730 1535 2786; x_wconf 90' lang='lat' dir='ltr'><strong>quello</strong></span> <span class='ocrx_word' id='word_1_327' title='bbox 1573 2730 1658 2771; x_wconf 91' lang='lat' dir='ltr'><strong>che</strong></span> <span class='ocrx_word' id='word_1_328' title='bbox 1697 2728 1740 2770; x_wconf 87' lang='lat' dir='ltr'><strong>la</strong></span> 
     </span>
    </p>
   </div>
   <div class='ocr_carea' id='block_1_12' title="bbox 110 2818 388 2825">
    <p class='ocr_par' dir='ltr' id='par_1_12' title="bbox 110 2818 388 2825">
     <span class='ocr_line' id='line_1_39' title="bbox 110 2818 388 2825; baseline 0 0"><span class='ocrx_word' id='word_1_329' title='bbox 110 2818 388 2825; x_wconf 95' lang='lat' dir='ltr'><strong> </strong></span> 
     </span>
    </p>
   </div>
   <div class='ocr_carea' id='block_1_13' title="bbox 175 2856 1738 2968">
    <p class='ocr_par' dir='ltr' id='par_1_13' title="bbox 175 2856 1738 2968">
     <span class='ocr_line' id='line_1_40' title="bbox 178 2856 1630 2909; baseline -0.002 -14"><span class='ocrx_word' id='word_1_330' title='bbox 178 2861 187 2879; x_wconf 93' lang='lat'>¹</span> <span class='ocrx_word' id='word_1_331' title='bbox 240 2861 298 2895; x_wconf 85' lang='lat' dir='ltr'><strong>Ex</strong></span> <span class='ocrx_word' id='word_1_332' title='bbox 317 2861 569 2908; x_wconf 88' lang='lat' dir='ltr'><strong>autographo,</strong></span> <span class='ocrx_word' id='word_1_333' title='bbox 589 2861 628 2897; x_wconf 90' lang='lat' dir='ltr'><strong>in</strong></span> <span class='ocrx_word' id='word_1_334' title='bbox 649 2860 745 2897; x_wconf 88' lang='lat' dir='ltr'><strong>Cod.</strong></span> <span class='ocrx_word' id='word_1_335' title='bbox 765 2870 816 2906; x_wconf 87' lang='lat'><strong>29</strong></span> <span class='ocrx_word' id='word_1_336' title='bbox 830 2860 894 2909; x_wconf 80' lang='lat' dir='ltr'><strong>g),</strong></span> <span class='ocrx_word' id='word_1_337' title='bbox 913 2860 982 2906; x_wconf 84' lang='lat'><strong>253</strong></span> <span class='ocrx_word' id='word_1_338' title='bbox 1000 2862 1120 2906; x_wconf 87' lang='lat'>(414).</span> <span class='ocrx_word' id='word_1_339' title='bbox 1145 2859 1246 2895; x_wconf 90' lang='lat' dir='ltr'><strong>Vide</strong></span> <span class='ocrx_word' id='word_1_340' title='bbox 1265 2870 1361 2906; x_wconf 86' lang='lat' dir='ltr'><strong>pag.</strong></span> <span class='ocrx_word' id='word_1_341' title='bbox 1384 2858 1466 2902; x_wconf 80' lang='lat'>3683</span> <span class='ocrx_word' id='word_1_342' title='bbox 1488 2863 1528 2893; x_wconf 89' lang='lat' dir='ltr'><strong>et</strong></span> <span class='ocrx_word' id='word_1_343' title='bbox 1545 2856 1630 2892; x_wconf 85' lang='lat'><strong>382.</strong></span> 
     </span>
     <span class='ocr_line' id='line_1_41' title="bbox 175 2915 1738 2968; baseline -0.003 -13"><span class='ocrx_word' id='word_1_344' title='bbox 175 2922 190 2942; x_wconf 84' lang='lat'><strong>²</strong></span> <span class='ocrx_word' id='word_1_345' title='bbox 241 2921 298 2955; x_wconf 86' lang='lat' dir='ltr'><strong>Ex</strong></span> <span class='ocrx_word' id='word_1_346' title='bbox 316 2923 568 2968; x_wconf 88' lang='lat' dir='ltr'><strong>autographo,</strong></span> <span class='ocrx_word' id='word_1_347' title='bbox 589 2922 629 2957; x_wconf 89' lang='lat' dir='ltr'><strong>in</strong></span> <span class='ocrx_word' id='word_1_348' title='bbox 647 2922 775 2967; x_wconf 78' lang='lat' dir='ltr'><strong>Epist.</strong></span> <span class='ocrx_word' id='word_1_349' title='bbox 797 2922 952 2964; x_wconf 64' lang='lat' dir='ltr'><strong>Natal„</strong></span> <span class='ocrx_word' id='word_1_350' title='bbox 972 2922 1020 2963; x_wconf 91' lang='lat' dir='ltr'><strong>II,</strong></span> <span class='ocrx_word' id='word_1_351' title='bbox 1039 2920 1224 2957; x_wconf 84' lang='lat' dir='ltr'><strong>schedula</strong></span> <span class='ocrx_word' id='word_1_352' title='bbox 1242 2919 1283 2955; x_wconf 86' lang='lat' dir='ltr'><strong>in</strong></span> <span class='ocrx_word' id='word_1_353' title='bbox 1301 2920 1370 2965; x_wconf 81' lang='lat'><strong>4⁰,</strong></span> <span class='ocrx_word' id='word_1_354' title='bbox 1400 2918 1465 2954; x_wconf 85' lang='lat'><strong>182</strong></span> <span class='ocrx_word' id='word_1_355' title='bbox 1493 2917 1612 2963; x_wconf 81' lang='lat'><strong>(423).</strong></span> <span class='ocrx_word' id='word_1_356' title='bbox 1637 2915 1738 2952; x_wconf 87' lang='lat' dir='ltr'><strong>Vide</strong></span> 
     </span>
    </p>
   </div>
   <div class='ocr_carea' id='block_1_14' title="bbox 106 2978 566 3025">
    <p class='ocr_par' dir='ltr' id='par_1_14' title="bbox 106 2978 566 3025">
     <span class='ocr_line' id='line_1_42' title="bbox 106 2978 566 3025; baseline 0.002 -1"><span class='ocrx_word' id='word_1_357' title='bbox 106 2990 195 3025; x_wconf 79' lang='lat' dir='ltr'><strong>pag·</strong></span> <span class='ocrx_word' id='word_1_358' title='bbox 214 2978 298 3024; x_wconf 80' lang='lat'>3553</span> <span class='ocrx_word' id='word_1_359' title='bbox 318 2990 402 3024; x_wconf 86' lang='lat' dir='ltr'><strong>4oo;</strong></span> <span class='ocrx_word' id='word_1_360' title='bbox 423 2985 463 3015; x_wconf 80' lang='lat' dir='ltr'><strong>et</strong></span> <span class='ocrx_word' id='word_1_361' title='bbox 483 2988 566 3025; x_wconf 85' lang='lat'><strong>477·</strong></span> 
     </span>
    </p>
   </div>
  </div>
 </body>
</html>
