<?xml version="1.0" encoding="UTF-8"?>
<!DOCTYPE html PUBLIC "-//W3C//DTD XHTML 1.0 Transitional//EN"
    "http://www.w3.org/TR/xhtml1/DTD/xhtml1-transitional.dtd">
<html xmlns="http://www.w3.org/1999/xhtml" xml:lang="en" lang="en">
 <head>
  <title>
</title>
<meta http-equiv="Content-Type" content="text/html;charset=utf-8" />
  <meta name='ocr-system' content='tesseract 3.04.00' />
  <meta name='ocr-capabilities' content='ocr_page ocr_carea ocr_par ocr_line ocrx_word'/>
</head>
<body>
  <div class='ocr_page' id='page_1' title='image "./epistolaephieron10nada_0260.png"; bbox 0 0 2101 3348; ppageno 0'>
   <div class='ocr_carea' id='block_1_1' title="bbox 405 240 1427 284">
    <p class='ocr_par' dir='ltr' id='par_1_1' title="bbox 405 240 1427 284">
     <span class='ocr_line' id='line_1_1' title="bbox 405 240 1427 284; baseline -0.006 -4"><span class='ocrx_word' id='word_1_1' title='bbox 405 255 473 280; x_wconf 87' lang='lat'>222</span> <span class='ocrx_word' id='word_1_2' title='bbox 916 243 1054 277; x_wconf 78' lang='lat' dir='ltr'><strong>EPIST.</strong></span> <span class='ocrx_word' id='word_1_3' title='bbox 1083 241 1127 275; x_wconf 87' lang='lat' dir='ltr'><strong>P.</strong></span> <span class='ocrx_word' id='word_1_4' title='bbox 1154 240 1427 284; x_wconf 79' lang='lat' dir='ltr'><strong>NADAL—424</strong></span> 
     </span>
    </p>
   </div>
   <div class='ocr_carea' id='block_1_2' title="bbox 345 341 2035 1554">
    <p class='ocr_par' dir='ltr' id='par_1_2' title="bbox 354 341 1990 628">
     <span class='ocr_line' id='line_1_2' title="bbox 447 341 1990 400; baseline 0 -13"><span class='ocrx_word' id='word_1_5' title='bbox 447 358 487 399; x_wconf 82' lang='lat'><strong>5.</strong></span> <span class='ocrx_word' id='word_1_6' title='bbox 553 344 599 388; x_wconf 83' lang='lat' dir='ltr'>Si</span> <span class='ocrx_word' id='word_1_7' title='bbox 623 347 751 400; x_wconf 81' lang='lat' dir='ltr'>potra</span> <span class='ocrx_word' id='word_1_8' title='bbox 779 344 858 386; x_wconf 87' lang='lat' dir='ltr'>dar</span> <span class='ocrx_word' id='word_1_9' title='bbox 896 342 1023 384; x_wconf 80' lang='lat' dir='ltr'>auiso</span> <span class='ocrx_word' id='word_1_10' title='bbox 1051 341 1095 383; x_wconf 90' lang='lat' dir='ltr'>di</span> <span class='ocrx_word' id='word_1_11' title='bbox 1126 341 1231 396; x_wconf 88' lang='lat' dir='ltr'>quel</span> <span class='ocrx_word' id='word_1_12' title='bbox 1263 343 1347 385; x_wconf 85' lang='lat' dir='ltr'>che</span> <span class='ocrx_word' id='word_1_13' title='bbox 1376 343 1433 385; x_wconf 90' lang='lat' dir='ltr'>V.</span> <span class='ocrx_word' id='word_1_14' title='bbox 1473 343 1526 385; x_wconf 88' lang='lat' dir='ltr'>R.</span> <span class='ocrx_word' id='word_1_15' title='bbox 1568 342 1714 386; x_wconf 81' lang='lat' dir='ltr'>soriue</span> <span class='ocrx_word' id='word_1_16' title='bbox 1743 342 1925 386; x_wconf 84' lang='lat' dir='ltr'>intorno</span> <span class='ocrx_word' id='word_1_17' title='bbox 1948 344 1990 387; x_wconf 89' lang='lat' dir='ltr'>al</span> 
     </span>
     <span class='ocr_line' id='line_1_3' title="bbox 355 413 1987 477; baseline 0 -13"><span class='ocrx_word' id='word_1_18' title='bbox 355 422 547 477; x_wconf 77' lang='lat' dir='ltr'>collegio</span> <span class='ocrx_word' id='word_1_19' title='bbox 569 421 613 463; x_wconf 87' lang='lat' dir='ltr'>di</span> <span class='ocrx_word' id='word_1_20' title='bbox 638 420 886 472; x_wconf 82' lang='lat' dir='ltr'>Olomutio,</span> <span class='ocrx_word' id='word_1_21' title='bbox 912 434 961 463; x_wconf 87' lang='lat' dir='ltr'>se</span> <span class='ocrx_word' id='word_1_22' title='bbox 983 432 1158 462; x_wconf 84' lang='lat' dir='ltr'>saremo</span> <span class='ocrx_word' id='word_1_23' title='bbox 1181 418 1399 472; x_wconf 83' lang='lat' dir='ltr'>ricercati;</span> <span class='ocrx_word' id='word_1_24' title='bbox 1426 425 1471 463; x_wconf 84' lang='lat' dir='ltr'>et</span> <span class='ocrx_word' id='word_1_25' title='bbox 1492 413 1626 462; x_wconf 83' lang='lat' dir='ltr'>etiam</span> <span class='ocrx_word' id='word_1_26' title='bbox 1649 421 1733 463; x_wconf 83' lang='lat' dir='ltr'>che</span> <span class='ocrx_word' id='word_1_27' title='bbox 1755 420 1868 463; x_wconf 88' lang='lat' dir='ltr'>altro</span> <span class='ocrx_word' id='word_1_28' title='bbox 1895 435 1987 464; x_wconf 91' lang='lat' dir='ltr'>non</span> 
     </span>
     <span class='ocr_line' id='line_1_4' title="bbox 354 495 1985 553; baseline -0.001 -12"><span class='ocrx_word' id='word_1_29' title='bbox 354 499 393 542; x_wconf 77' lang='lat' dir='ltr'>oi</span> <span class='ocrx_word' id='word_1_30' title='bbox 417 498 592 550; x_wconf 79' lang='lat' dir='ltr'>dicano,</span> <span class='ocrx_word' id='word_1_31' title='bbox 634 512 761 541; x_wconf 85' lang='lat' dir='ltr'>corne</span> <span class='ocrx_word' id='word_1_32' title='bbox 800 511 949 552; x_wconf 82' lang='lat' dir='ltr'>uenga</span> <span class='ocrx_word' id='word_1_33' title='bbox 986 497 1027 539; x_wconf 86' lang='lat' dir='ltr'>la</span> <span class='ocrx_word' id='word_1_34' title='bbox 1065 495 1370 549; x_wconf 86' lang='lat' dir='ltr'>information,</span> <span class='ocrx_word' id='word_1_35' title='bbox 1412 497 1561 553; x_wconf 87' lang='lat' dir='ltr'>doppo</span> <span class='ocrx_word' id='word_1_36' title='bbox 1597 499 1682 541; x_wconf 84' lang='lat' dir='ltr'>che</span> <span class='ocrx_word' id='word_1_37' title='bbox 1704 498 1762 540; x_wconf 89' lang='lat' dir='ltr'>V.</span> <span class='ocrx_word' id='word_1_38' title='bbox 1804 499 1858 540; x_wconf 90' lang='lat' dir='ltr'>R.</span> <span class='ocrx_word' id='word_1_39' title='bbox 1885 499 1985 540; x_wconf 80' lang='lat' dir='ltr'>sara</span> 
     </span>
     <span class='ocr_line' id='line_1_5' title="bbox 355 574 1751 628; baseline -0.003 -10"><span class='ocrx_word' id='word_1_40' title='bbox 355 583 471 618; x_wconf 76' lang='lat' dir='ltr'>stato</span> <span class='ocrx_word' id='word_1_41' title='bbox 494 576 539 628; x_wconf 87' lang='lat' dir='ltr'>li,</span> <span class='ocrx_word' id='word_1_42' title='bbox 565 575 606 616; x_wconf 88' lang='lat' dir='ltr'>la</span> <span class='ocrx_word' id='word_1_43' title='bbox 628 575 811 618; x_wconf 82' lang='lat' dir='ltr'>daremo</span> <span class='ocrx_word' id='word_1_44' title='bbox 834 588 998 616; x_wconf 85' lang='lat' dir='ltr'>ancora</span> <span class='ocrx_word' id='word_1_45' title='bbox 1021 587 1124 628; x_wconf 85' lang='lat' dir='ltr'><strong>qua.</strong></span> <span class='ocrx_word' id='word_1_46' title='bbox 1749 574 1751 576; x_wconf 74' lang='grc'><strong>’</strong></span> 
     </span>
    </p>

    <p class='ocr_par' dir='ltr' id='par_1_3' title="bbox 347 650 1984 1016">
     <span class='ocr_line' id='line_1_6' title="bbox 441 650 1980 707; baseline 0 -13"><span class='ocrx_word' id='word_1_47' title='bbox 441 653 482 694; x_wconf 77' lang='grc'>6.</span> <span class='ocrx_word' id='word_1_48' title='bbox 550 651 700 707; x_wconf 73' lang='lat' dir='ltr'>Quelli</span> <span class='ocrx_word' id='word_1_49' title='bbox 723 652 807 694; x_wconf 80' lang='lat' dir='ltr'>che</span> <span class='ocrx_word' id='word_1_50' title='bbox 829 650 867 693; x_wconf 83' lang='lat' dir='ltr'>si</span> <span class='ocrx_word' id='word_1_51' title='bbox 898 651 1206 693; x_wconf 85' lang='lat' dir='ltr'>mandaranno</span> <span class='ocrx_word' id='word_1_52' title='bbox 1228 665 1253 693; x_wconf 88' lang='lat' dir='ltr'>a</span> <span class='ocrx_word' id='word_1_53' title='bbox 1283 651 1424 693; x_wconf 89' lang='lat' dir='ltr'>Roma</span> <span class='ocrx_word' id='word_1_54' title='bbox 1454 665 1532 706; x_wconf 88' lang='lat' dir='ltr'>per</span> <span class='ocrx_word' id='word_1_55' title='bbox 1559 651 1715 694; x_wconf 90' lang='lat' dir='ltr'>ordine</span> <span class='ocrx_word' id='word_1_56' title='bbox 1737 651 1782 694; x_wconf 90' lang='lat' dir='ltr'>di</span> <span class='ocrx_word' id='word_1_57' title='bbox 1811 652 1872 695; x_wconf 92' lang='lat' dir='ltr'>V.</span> <span class='ocrx_word' id='word_1_58' title='bbox 1905 653 1980 705; x_wconf 92' lang='lat' dir='ltr'><strong>R.,</strong></span> 
     </span>
     <span class='ocr_line' id='line_1_7' title="bbox 353 727 1983 784; baseline -0.001 -13"><span class='ocrx_word' id='word_1_59' title='bbox 353 731 435 771; x_wconf 85' lang='lat' dir='ltr'>hor</span> <span class='ocrx_word' id='word_1_60' title='bbox 452 729 576 771; x_wconf 82' lang='lat' dir='ltr'>siano</span> <span class='ocrx_word' id='word_1_61' title='bbox 596 727 814 780; x_wconf 84' lang='lat' dir='ltr'>ueterani,</span> <span class='ocrx_word' id='word_1_62' title='bbox 829 729 912 770; x_wconf 90' lang='lat' dir='ltr'>hor</span> <span class='ocrx_word' id='word_1_63' title='bbox 929 727 1094 782; x_wconf 87' lang='lat' dir='ltr'>tyroni,</span> <span class='ocrx_word' id='word_1_64' title='bbox 1109 742 1189 783; x_wconf 90' lang='lat' dir='ltr'>per</span> <span class='ocrx_word' id='word_1_65' title='bbox 1205 728 1247 770; x_wconf 94' lang='grc'>13</span> <span class='ocrx_word' id='word_1_66' title='bbox 1264 727 1544 783; x_wconf 79' lang='lat' dir='ltr'>probatione,</span> <span class='ocrx_word' id='word_1_67' title='bbox 1559 743 1585 771; x_wconf 97' lang='lat' dir='ltr'>o</span> <span class='ocrx_word' id='word_1_68' title='bbox 1603 743 1682 784; x_wconf 85' lang='lat' dir='ltr'>per</span> <span class='ocrx_word' id='word_1_69' title='bbox 1699 728 1935 771; x_wconf 73' lang='lat' dir='ltr'>continuat</span> <span class='ocrx_word' id='word_1_70' title='bbox 1952 729 1983 771; x_wconf 87' lang='lat' dir='ltr'>li</span> 
     </span>
     <span class='ocr_line' id='line_1_8' title="bbox 351 804 1984 861; baseline -0.001 -11"><span class='ocrx_word' id='word_1_71' title='bbox 351 807 504 861; x_wconf 81' lang='lat' dir='ltr'>studij,</span> <span class='ocrx_word' id='word_1_72' title='bbox 520 821 712 849; x_wconf 75' lang='lat' dir='ltr'>saranno</span> <span class='ocrx_word' id='word_1_73' title='bbox 733 805 975 848; x_wconf 86' lang='lat' dir='ltr'>uoluntieri</span> <span class='ocrx_word' id='word_1_74' title='bbox 994 804 1201 847; x_wconf 82' lang='lat' dir='ltr'>riceuuti.</span> <span class='ocrx_word' id='word_1_75' title='bbox 1219 806 1275 847; x_wconf 81' lang='lat' dir='ltr'>Et</span> <span class='ocrx_word' id='word_1_76' title='bbox 1292 820 1370 861; x_wconf 89' lang='lat' dir='ltr'>per</span> <span class='ocrx_word' id='word_1_77' title='bbox 1389 805 1485 847; x_wconf 84' lang='lat' dir='ltr'>farli</span> <span class='ocrx_word' id='word_1_78' title='bbox 1503 806 1602 848; x_wconf 91' lang='grc'>1000</span> <span class='ocrx_word' id='word_1_79' title='bbox 1619 805 1696 861; x_wconf 67' lang='lat' dir='ltr'>pisi</span> <span class='ocrx_word' id='word_1_80' title='bbox 1714 807 1880 861; x_wconf 79' lang='lat' dir='ltr'>amplo,</span> <span class='ocrx_word' id='word_1_81' title='bbox 1901 807 1939 848; x_wconf 83' lang='lat' dir='ltr'>s’</span> <span class='ocrx_word' id='word_1_82' title='bbox 1958 807 1984 849; x_wconf 77' lang='lat' dir='ltr'>e</span> 
     </span>
     <span class='ocr_line' id='line_1_9' title="bbox 347 881 1982 938; baseline -0.001 -12"><span class='ocrx_word' id='word_1_83' title='bbox 347 883 619 927; x_wconf 83' lang='lat' dir='ltr'>eomineiato</span> <span class='ocrx_word' id='word_1_84' title='bbox 637 883 678 924; x_wconf 86' lang='lat' dir='ltr'>la</span> <span class='ocrx_word' id='word_1_85' title='bbox 696 897 799 925; x_wconf 78' lang='lat' dir='ltr'>oasa</span> <span class='ocrx_word' id='word_1_86' title='bbox 816 882 860 925; x_wconf 89' lang='lat' dir='ltr'>di</span> <span class='ocrx_word' id='word_1_87' title='bbox 884 882 1147 938; x_wconf 75' lang='lat' dir='ltr'>probatione</span> <span class='ocrx_word' id='word_1_88' title='bbox 1164 881 1208 924; x_wconf 92' lang='lat' dir='ltr'>in</span> <span class='ocrx_word' id='word_1_89' title='bbox 1229 883 1560 926; x_wconf 80' lang='lat' dir='ltr'>Monteoauallo</span> <span class='ocrx_word' id='word_1_90' title='bbox 1588 884 1615 934; x_wconf 84' lang='lat'>¹,</span> <span class='ocrx_word' id='word_1_91' title='bbox 1636 883 1749 925; x_wconf 84' lang='lat' dir='ltr'>oltre</span> <span class='ocrx_word' id='word_1_92' title='bbox 1767 883 1915 938; x_wconf 84' lang='lat' dir='ltr'>quella</span> <span class='ocrx_word' id='word_1_93' title='bbox 1937 882 1982 925; x_wconf 88' lang='lat' dir='ltr'>di</span> 
     </span>
     <span class='ocr_line' id='line_1_10' title="bbox 350 959 1918 1016; baseline 0 -13"><span class='ocrx_word' id='word_1_94' title='bbox 350 969 501 1003; x_wconf 72' lang='lat' dir='ltr'>nostra</span> <span class='ocrx_word' id='word_1_95' title='bbox 520 976 638 1011; x_wconf 76' lang='lat' dir='ltr'>casa,</span> <span class='ocrx_word' id='word_1_96' title='bbox 666 967 710 1004; x_wconf 85' lang='lat' dir='ltr'>et</span> <span class='ocrx_word' id='word_1_97' title='bbox 731 959 913 1016; x_wconf 84' lang='lat' dir='ltr'>parechi</span> <span class='ocrx_word' id='word_1_98' title='bbox 936 962 1020 1002; x_wconf 83' lang='lat' dir='ltr'>che</span> <span class='ocrx_word' id='word_1_99' title='bbox 1043 959 1080 1002; x_wconf 76' lang='lat' dir='ltr'>si</span> <span class='ocrx_word' id='word_1_100' title='bbox 1102 974 1307 1015; x_wconf 87' lang='lat' dir='ltr'>prouano</span> <span class='ocrx_word' id='word_1_101' title='bbox 1331 960 1406 1003; x_wconf 88' lang='lat' dir='ltr'>nel</span> <span class='ocrx_word' id='word_1_102' title='bbox 1428 960 1620 1016; x_wconf 79' lang='lat' dir='ltr'>collegio</span> <span class='ocrx_word' id='word_1_103' title='bbox 1642 960 1918 1016; x_wconf 82' lang='lat' dir='ltr'>germanico.</span> 
     </span>
    </p>

    <p class='ocr_par' dir='ltr' id='par_1_4' title="bbox 345 1037 1981 1403">
     <span class='ocr_line' id='line_1_11' title="bbox 439 1037 1981 1095; baseline 0 -14"><span class='ocrx_word' id='word_1_104' title='bbox 439 1050 479 1092; x_wconf 90' lang='lat'>7.</span> <span class='ocrx_word' id='word_1_105' title='bbox 547 1038 597 1080; x_wconf 86' lang='lat' dir='ltr'>Li</span> <span class='ocrx_word' id='word_1_106' title='bbox 628 1037 771 1080; x_wconf 78' lang='lat' dir='ltr'>scritti</span> <span class='ocrx_word' id='word_1_107' title='bbox 802 1037 875 1080; x_wconf 87' lang='lat' dir='ltr'>del</span> <span class='ocrx_word' id='word_1_108' title='bbox 898 1039 1010 1095; x_wconf 90' lang='lat' dir='ltr'>Mro.</span> <span class='ocrx_word' id='word_1_109' title='bbox 1048 1039 1263 1092; x_wconf 87' lang='lat' dir='ltr'>Marquez</span> <span class='ocrx_word' id='word_1_110' title='bbox 1292 1037 1329 1079; x_wconf 82' lang='lat' dir='ltr'>si</span> <span class='ocrx_word' id='word_1_111' title='bbox 1356 1038 1679 1088; x_wconf 85' lang='lat' dir='ltr'>mandaranno,</span> <span class='ocrx_word' id='word_1_112' title='bbox 1712 1037 1931 1092; x_wconf 80' lang='lat' dir='ltr'>piacendo</span> <span class='ocrx_word' id='word_1_113' title='bbox 1956 1052 1981 1081; x_wconf 86' lang='lat' dir='ltr'>a</span> 
     </span>
     <span class='ocr_line' id='line_1_12' title="bbox 348 1113 1979 1169; baseline -0.001 -11"><span class='ocrx_word' id='word_1_114' title='bbox 348 1116 488 1168; x_wconf 76' lang='lat' dir='ltr'>Iddio,</span> <span class='ocrx_word' id='word_1_115' title='bbox 514 1130 598 1158; x_wconf 85' lang='grc'>000</span> <span class='ocrx_word' id='word_1_116' title='bbox 623 1114 768 1169; x_wconf 75' lang='lat' dir='ltr'>questi</span> <span class='ocrx_word' id='word_1_117' title='bbox 791 1113 949 1166; x_wconf 80' lang='lat' dir='ltr'>nostri,</span> <span class='ocrx_word' id='word_1_118' title='bbox 982 1129 1031 1157; x_wconf 83' lang='lat' dir='ltr'>se</span> <span class='ocrx_word' id='word_1_119' title='bbox 1060 1113 1200 1169; x_wconf 84' lang='lat' dir='ltr'>prima</span> <span class='ocrx_word' id='word_1_120' title='bbox 1228 1129 1319 1156; x_wconf 89' lang='lat' dir='ltr'>non</span> <span class='ocrx_word' id='word_1_121' title='bbox 1347 1115 1377 1155; x_wconf 85' lang='lat' dir='ltr'>l&#39;</span> <span class='ocrx_word' id='word_1_122' title='bbox 1408 1113 1651 1158; x_wconf 74' lang='lat' dir='ltr'>hauessino</span> <span class='ocrx_word' id='word_1_123' title='bbox 1680 1114 1894 1156; x_wconf 83' lang='lat' dir='ltr'>mandati.</span> <span class='ocrx_word' id='word_1_124' title='bbox 1921 1116 1979 1157; x_wconf 85' lang='lat' dir='ltr'>Et</span> 
     </span>
     <span class='ocr_line' id='line_1_13' title="bbox 347 1191 1974 1247; baseline -0.001 -11"><span class='ocrx_word' id='word_1_125' title='bbox 347 1207 433 1236; x_wconf 81' lang='lat' dir='ltr'>con</span> <span class='ocrx_word' id='word_1_126' title='bbox 451 1200 574 1235; x_wconf 84' lang='lat' dir='ltr'>tanto</span> <span class='ocrx_word' id='word_1_127' title='bbox 597 1192 637 1235; x_wconf 84' lang='lat' dir='ltr'>ci</span> <span class='ocrx_word' id='word_1_128' title='bbox 659 1191 1047 1234; x_wconf 81' lang='lat' dir='ltr'>raooomandiamo</span> <span class='ocrx_word' id='word_1_129' title='bbox 1067 1191 1172 1233; x_wconf 83' lang='lat' dir='ltr'>tutti</span> <span class='ocrx_word' id='word_1_130' title='bbox 1189 1192 1328 1233; x_wconf 83' lang='lat' dir='ltr'>molto</span> <span class='ocrx_word' id='word_1_131' title='bbox 1349 1192 1465 1233; x_wconf 90' lang='lat' dir='ltr'>nelle</span> <span class='ocrx_word' id='word_1_132' title='bbox 1489 1191 1680 1233; x_wconf 84' lang='lat' dir='ltr'>orationi</span> <span class='ocrx_word' id='word_1_133' title='bbox 1702 1198 1747 1234; x_wconf 83' lang='lat' dir='ltr'>et</span> <span class='ocrx_word' id='word_1_134' title='bbox 1769 1191 1974 1247; x_wconf 80' lang='lat' dir='ltr'>sacrificij</span> 
     </span>
     <span class='ocr_line' id='line_1_14' title="bbox 345 1267 1977 1324; baseline -0.001 -12"><span class='ocrx_word' id='word_1_135' title='bbox 345 1270 390 1312; x_wconf 90' lang='lat' dir='ltr'>di</span> <span class='ocrx_word' id='word_1_136' title='bbox 414 1271 469 1313; x_wconf 93' lang='lat' dir='ltr'>V.</span> <span class='ocrx_word' id='word_1_137' title='bbox 497 1272 546 1313; x_wconf 89' lang='lat' dir='ltr'><strong>R.</strong></span> <span class='ocrx_word' id='word_1_138' title='bbox 572 1284 656 1312; x_wconf 83' lang='lat' dir='ltr'>eon</span> <span class='ocrx_word' id='word_1_139' title='bbox 680 1268 783 1311; x_wconf 85' lang='lat' dir='ltr'>tutti</span> <span class='ocrx_word' id='word_1_140' title='bbox 807 1268 943 1324; x_wconf 85' lang='lat' dir='ltr'>quelli</span> <span class='ocrx_word' id='word_1_141' title='bbox 965 1268 1036 1311; x_wconf 89' lang='lat' dir='ltr'>del</span> <span class='ocrx_word' id='word_1_142' title='bbox 1059 1267 1251 1324; x_wconf 77' lang='lat' dir='ltr'>collegio</span> <span class='ocrx_word' id='word_1_143' title='bbox 1279 1269 1396 1311; x_wconf 88' lang='lat' dir='ltr'>doue</span> <span class='ocrx_word' id='word_1_144' title='bbox 1426 1267 1463 1310; x_wconf 80' lang='lat' dir='ltr'>si</span> <span class='ocrx_word' id='word_1_145' title='bbox 1496 1275 1641 1310; x_wconf 85' lang='lat' dir='ltr'>troua.</span> <span class='ocrx_word' id='word_1_146' title='bbox 1674 1268 1733 1311; x_wconf 92' lang='lat' dir='ltr'>Di</span> <span class='ocrx_word' id='word_1_147' title='bbox 1762 1270 1919 1321; x_wconf 88' lang='lat' dir='ltr'>Roma,</span> <span class='ocrx_word' id='word_1_148' title='bbox 1945 1269 1977 1311; x_wconf 78' lang='lat' dir='ltr'>li</span> 
     </span>
     <span class='ocr_line' id='line_1_15' title="bbox 348 1337 1274 1403; baseline -0.002 -13"><span class='ocrx_word' id='word_1_149' title='bbox 348 1359 404 1401; x_wconf 80' lang='lat'>24</span> <span class='ocrx_word' id='word_1_150' title='bbox 422 1347 466 1389; x_wconf 85' lang='lat' dir='ltr'>di</span> <span class='ocrx_word' id='word_1_151' title='bbox 490 1348 667 1403; x_wconf 79' lang='lat' dir='ltr'>Agosto</span> <span class='ocrx_word' id='word_1_152' title='bbox 697 1346 823 1400; x_wconf 79' lang='lat'><strong>1566.</strong></span> <span class='ocrx_word' id='word_1_153' title='bbox 1271 1337 1274 1340; x_wconf 30' lang='lat'><strong>⁴</strong></span> 
     </span>
    </p>

    <p class='ocr_par' dir='ltr' id='par_1_5' title="bbox 346 1422 2035 1554">
     <span class='ocr_line' id='line_1_16' title="bbox 436 1422 2035 1478; baseline -0.001 -11"><span class='ocrx_word' id='word_1_154' title='bbox 436 1426 523 1468; x_wconf 88' lang='lat' dir='ltr'>Per</span> <span class='ocrx_word' id='word_1_155' title='bbox 540 1439 631 1467; x_wconf 88' lang='lat' dir='ltr'>non</span> <span class='ocrx_word' id='word_1_156' title='bbox 649 1426 754 1466; x_wconf 78' lang='lat' dir='ltr'>star&#39;</span> <span class='ocrx_word' id='word_1_157' title='bbox 775 1424 821 1465; x_wconf 91' lang='lat' dir='ltr'>in</span> <span class='ocrx_word' id='word_1_158' title='bbox 839 1437 941 1466; x_wconf 84' lang='lat' dir='ltr'>casa</span> <span class='ocrx_word' id='word_1_159' title='bbox 960 1430 1113 1465; x_wconf 80' lang='lat' dir='ltr'>nostro</span> <span class='ocrx_word' id='word_1_160' title='bbox 1133 1423 1295 1475; x_wconf 75' lang='lat' dir='ltr'>padre,</span> <span class='ocrx_word' id='word_1_161' title='bbox 1316 1437 1406 1465; x_wconf 90' lang='lat' dir='ltr'>non</span> <span class='ocrx_word' id='word_1_162' title='bbox 1424 1424 1481 1464; x_wconf 89' lang='lat' dir='ltr'>ha</span> <span class='ocrx_word' id='word_1_163' title='bbox 1500 1422 1780 1465; x_wconf 77' lang='lat' dir='ltr'>sottoscritta</span> <span class='ocrx_word' id='word_1_164' title='bbox 1798 1429 1973 1478; x_wconf 81' lang='lat' dir='ltr'>questa.</span> <span class='ocrx_word' id='word_1_165' title='bbox 2034 1426 2035 1429; x_wconf 74' lang='grc'>’</span> 
     </span>
     <span class='ocr_line' id='line_1_17' title="bbox 346 1498 1978 1554; baseline -0.002 -9"><span class='ocrx_word' id='word_1_166' title='bbox 346 1503 411 1545; x_wconf 93' lang='lat' dir='ltr'>Lo</span> <span class='ocrx_word' id='word_1_167' title='bbox 437 1502 529 1544; x_wconf 83' lang='lat' dir='ltr'>faro</span> <span class='ocrx_word' id='word_1_168' title='bbox 552 1501 594 1542; x_wconf 88' lang='lat' dir='ltr'>io</span> <span class='ocrx_word' id='word_1_169' title='bbox 618 1501 662 1542; x_wconf 88' lang='lat' dir='ltr'>in</span> <span class='ocrx_word' id='word_1_170' title='bbox 686 1516 769 1543; x_wconf 80' lang='lat' dir='ltr'>suo</span> <span class='ocrx_word' id='word_1_171' title='bbox 794 1501 904 1543; x_wconf 89' lang='grc'>1000.</span> <span class='ocrx_word' id='word_1_172' title='bbox 930 1502 1001 1544; x_wconf 93' lang='lat' dir='ltr'>De</span> <span class='ocrx_word' id='word_1_173' title='bbox 1023 1501 1080 1543; x_wconf 93' lang='lat' dir='ltr'>V.</span> <span class='ocrx_word' id='word_1_174' title='bbox 1108 1501 1160 1542; x_wconf 90' lang='lat' dir='ltr'><strong>R.</strong></span> <span class='ocrx_word' id='word_1_175' title='bbox 1187 1514 1320 1542; x_wconf 80' lang='lat' dir='ltr'>seruo</span> <span class='ocrx_word' id='word_1_176' title='bbox 1344 1499 1389 1541; x_wconf 90' lang='lat' dir='ltr'>in</span> <span class='ocrx_word' id='word_1_177' title='bbox 1416 1498 1518 1553; x_wconf 89' lang='lat' dir='ltr'><strong>X.⁰,</strong></span> <span class='ocrx_word' id='word_1_178' title='bbox 1550 1515 1629 1554; x_wconf 89' lang='lat' dir='ltr'>per</span> <span class='ocrx_word' id='word_1_179' title='bbox 1661 1499 1978 1542; x_wconf 78' lang='lat' dir='ltr'>commissione</span> 
     </span>
    </p>
   </div>
   <div class='ocr_carea' id='block_1_3' title="bbox 343 1577 1737 1711">
    <p class='ocr_par' dir='ltr' id='par_1_6' title="bbox 343 1577 1737 1711">
     <span class='ocr_line' id='line_1_18' title="bbox 343 1577 1012 1633; baseline -0.004 -12"><span class='ocrx_word' id='word_1_180' title='bbox 343 1580 401 1621; x_wconf 87' lang='lat' dir='ltr'>de</span> <span class='ocrx_word' id='word_1_181' title='bbox 422 1586 575 1621; x_wconf 76' lang='lat' dir='ltr'>nostro</span> <span class='ocrx_word' id='word_1_182' title='bbox 602 1578 746 1621; x_wconf 81' lang='lat' dir='ltr'>Padre</span> <span class='ocrx_word' id='word_1_183' title='bbox 769 1577 1012 1633; x_wconf 76' lang='lat' dir='ltr'>preposito,</span> 
     </span>
     <span class='ocr_line' id='line_1_19' title="bbox 1053 1653 1737 1711; baseline 0 -15"><span class='ocrx_word' id='word_1_184' title='bbox 1053 1653 1082 1710; x_wconf 51' lang='grc' dir='ltr'>η’-</span> <span class='ocrx_word' id='word_1_185' title='bbox 1108 1655 1299 1711; x_wconf 85' lang='lat' dir='ltr'>JOANNE</span> <span class='ocrx_word' id='word_1_186' title='bbox 1331 1668 1393 1697; x_wconf 85' lang='lat' dir='ltr'>DE</span> <span class='ocrx_word' id='word_1_187' title='bbox 1426 1655 1671 1697; x_wconf 80' lang='lat' dir='ltr'><strong>POLANCo.</strong></span> <span class='ocrx_word' id='word_1_188' title='bbox 1709 1653 1737 1710; x_wconf 47' lang='grc' dir='ltr'><em>ἢ</em></span> 
     </span>
    </p>
   </div>
   <div class='ocr_carea' id='block_1_4' title="bbox 337 1730 1973 1944">
    <p class='ocr_par' dir='ltr' id='par_1_7' title="bbox 337 1730 1973 1944">
     <span class='ocr_line' id='line_1_20' title="bbox 431 1730 1973 1789; baseline -0.001 -15"><span class='ocrx_word' id='word_1_189' title='bbox 431 1734 671 1788; x_wconf 68' lang='lat' dir='ltr'>Inscriptio</span> <span class='ocrx_word' id='word_1_190' title='bbox 695 1733 744 1774; x_wconf 74' lang='lat' dir='ltr'>in</span> <span class='ocrx_word' id='word_1_191' title='bbox 768 1735 933 1787; x_wconf 68' lang='lat' dir='ltr'>quarta</span> <span class='ocrx_word' id='word_1_192' title='bbox 948 1732 1146 1789; x_wconf 73' lang='lat' dir='ltr'>pagina:</span> <span class='ocrx_word' id='word_1_193' title='bbox 1164 1730 1192 1788; x_wconf 63' lang='grc'>’1-</span> <span class='ocrx_word' id='word_1_194' title='bbox 1215 1731 1275 1773; x_wconf 84' lang='grc' dir='ltr'>Α1</span> <span class='ocrx_word' id='word_1_195' title='bbox 1293 1731 1431 1773; x_wconf 80' lang='lat' dir='ltr'>molto</span> <span class='ocrx_word' id='word_1_196' title='bbox 1449 1732 1562 1773; x_wconf 88' lang='lat' dir='ltr'><strong>Rdo.</strong></span> <span class='ocrx_word' id='word_1_197' title='bbox 1585 1731 1630 1772; x_wconf 86' lang='lat' dir='ltr'>in</span> <span class='ocrx_word' id='word_1_198' title='bbox 1648 1731 1734 1774; x_wconf 83' lang='lat' dir='ltr'><strong>X.⁰</strong></span> <span class='ocrx_word' id='word_1_199' title='bbox 1759 1731 1920 1785; x_wconf 84' lang='lat' dir='ltr'>Padre,</span> <span class='ocrx_word' id='word_1_200' title='bbox 1943 1730 1973 1772; x_wconf 93' lang='lat' dir='ltr'>il</span> 
     </span>
     <span class='ocr_line' id='line_1_21' title="bbox 342 1807 1971 1860; baseline -0.001 -8"><span class='ocrx_word' id='word_1_201' title='bbox 342 1810 488 1852; x_wconf 88' lang='lat' dir='ltr'>Padre</span> <span class='ocrx_word' id='word_1_202' title='bbox 525 1811 674 1852; x_wconf 68' lang='lat' dir='ltr'>dottor</span> <span class='ocrx_word' id='word_1_203' title='bbox 712 1808 976 1851; x_wconf 88' lang='lat' dir='ltr'>Hieronimo</span> <span class='ocrx_word' id='word_1_204' title='bbox 1015 1809 1191 1860; x_wconf 83' lang='lat' dir='ltr'>Natale,</span> <span class='ocrx_word' id='word_1_205' title='bbox 1227 1807 1460 1852; x_wconf 75' lang='lat' dir='ltr'>visitatore</span> <span class='ocrx_word' id='word_1_206' title='bbox 1497 1808 1540 1850; x_wconf 89' lang='lat' dir='ltr'>in</span> <span class='ocrx_word' id='word_1_207' title='bbox 1580 1807 1825 1852; x_wconf 75' lang='lat' dir='ltr'>Germania</span> <span class='ocrx_word' id='word_1_208' title='bbox 1855 1808 1971 1850; x_wconf 86' lang='lat' dir='ltr'>della</span> 
     </span>
     <span class='ocr_line' id='line_1_22' title="bbox 337 1885 1544 1944; baseline -0.002 -15"><span class='ocrx_word' id='word_1_209' title='bbox 337 1887 624 1943; x_wconf 79' lang='lat' dir='ltr'>Compagnia</span> <span class='ocrx_word' id='word_1_210' title='bbox 645 1887 689 1928; x_wconf 83' lang='lat' dir='ltr'>di</span> <span class='ocrx_word' id='word_1_211' title='bbox 706 1888 832 1944; x_wconf 73' lang='lat' dir='ltr'>jessi,</span> <span class='ocrx_word' id='word_1_212' title='bbox 859 1886 904 1928; x_wconf 89' lang='lat' dir='ltr'>in</span> <span class='ocrx_word' id='word_1_213' title='bbox 927 1885 1123 1938; x_wconf 78' lang='lat' dir='ltr'>Vienna,</span> <span class='ocrx_word' id='word_1_214' title='bbox 1148 1900 1174 1928; x_wconf 96' lang='lat' dir='ltr'>o</span> <span class='ocrx_word' id='word_1_215' title='bbox 1197 1886 1315 1928; x_wconf 79' lang='lat' dir='ltr'>done</span> <span class='ocrx_word' id='word_1_216' title='bbox 1338 1885 1375 1928; x_wconf 82' lang='lat' dir='ltr'>si</span> <span class='ocrx_word' id='word_1_217' title='bbox 1400 1892 1544 1928; x_wconf 83' lang='lat' dir='ltr'>troua.</span> 
     </span>
    </p>
   </div>
   <div class='ocr_carea' id='block_1_5' title="bbox 771 1999 1601 2126">
    <p class='ocr_par' dir='ltr' id='par_1_8' title="bbox 771 1999 1601 2126">
     <span class='ocr_line' id='line_1_23' title="bbox 1102 1999 1220 2038; baseline -0.008 0"><span class='ocrx_word' id='word_1_218' title='bbox 1102 1999 1220 2038; x_wconf 58' lang='lat'>[1⁶24</span> 
     </span>
     <span class='ocr_line' id='line_1_24' title="bbox 771 2068 1601 2126; baseline 0.001 -2"><span class='ocrx_word' id='word_1_219' title='bbox 771 2083 822 2125; x_wconf 78' lang='lat' dir='ltr'><strong>P.</strong></span> <span class='ocrx_word' id='word_1_220' title='bbox 868 2082 1281 2126; x_wconf 78' lang='lat' dir='ltr'><strong>HIERONYMUS</strong></span> <span class='ocrx_word' id='word_1_221' title='bbox 1314 2072 1558 2125; x_wconf 73' lang='lat' dir='ltr'>NADAL&#39;</span> <span class='ocrx_word' id='word_1_222' title='bbox 1596 2068 1601 2070; x_wconf 80' lang='grc'><strong>’</strong></span> 
     </span>
    </p>
   </div>
   <div class='ocr_carea' id='block_1_6' title="bbox 339 2157 1972 2396">
    <p class='ocr_par' dir='ltr' id='par_1_9' title="bbox 339 2157 1972 2396">
     <span class='ocr_line' id='line_1_25' title="bbox 664 2157 1638 2204; baseline 0 -12"><span class='ocrx_word' id='word_1_223' title='bbox 664 2157 904 2195; x_wconf 75' lang='lat' dir='ltr'><strong>SANCTO</strong></span> <span class='ocrx_word' id='word_1_224' title='bbox 944 2157 1290 2195; x_wconf 81' lang='lat' dir='ltr'><strong>FRANCISCO</strong></span> <span class='ocrx_word' id='word_1_225' title='bbox 1332 2159 1407 2193; x_wconf 89' lang='lat' dir='ltr'>DE</span> <span class='ocrx_word' id='word_1_226' title='bbox 1446 2157 1638 2204; x_wconf 69' lang='lat' dir='ltr'><strong>BORJA</strong></span> 
     </span>
     <span class='ocr_line' id='line_1_26' title="bbox 830 2224 1482 2268; baseline 0 -10"><span class='ocrx_word' id='word_1_227' title='bbox 830 2232 1045 2268; x_wconf 78' lang='lat' dir='ltr'>OLOMUTn,</span> <span class='ocrx_word' id='word_1_228' title='bbox 1066 2233 1109 2268; x_wconf 87' lang='lat'>27</span> <span class='ocrx_word' id='word_1_229' title='bbox 1129 2224 1423 2268; x_wconf 60' lang='lat' dir='ltr'>AUGUST1&gt;1566</span> <span class='ocrx_word' id='word_1_230' title='bbox 1453 2227 1482 2258; x_wconf 73' lang='lat'><strong>2.</strong></span> 
     </span>
     <span class='ocr_line' id='line_1_27' title="bbox 339 2286 1972 2335; baseline 0 -12"><span class='ocrx_word' id='word_1_231' title='bbox 339 2286 589 2323; x_wconf 70' lang='lat' dir='ltr'>Olomntinnz</span> <span class='ocrx_word' id='word_1_232' title='bbox 611 2289 715 2322; x_wconf 73' lang='lat' dir='ltr'>venit</span> <span class='ocrx_word' id='word_1_233' title='bbox 734 2291 769 2322; x_wconf 79' lang='lat' dir='ltr'>et</span> <span class='ocrx_word' id='word_1_234' title='bbox 791 2287 1075 2323; x_wconf 69' lang='lat' dir='ltr'>Cremsirium:</span> <span class='ocrx_word' id='word_1_235' title='bbox 1100 2301 1189 2324; x_wconf 81' lang='lat' dir='ltr'>cum</span> <span class='ocrx_word' id='word_1_236' title='bbox 1211 2289 1397 2335; x_wconf 75' lang='lat' dir='ltr'>praesule</span> <span class='ocrx_word' id='word_1_237' title='bbox 1421 2290 1467 2324; x_wconf 80' lang='lat' dir='ltr'>de</span> <span class='ocrx_word' id='word_1_238' title='bbox 1491 2289 1651 2335; x_wconf 77' lang='lat' dir='ltr'>collegii</span> <span class='ocrx_word' id='word_1_239' title='bbox 1674 2291 1709 2323; x_wconf 80' lang='lat' dir='ltr'>et</span> <span class='ocrx_word' id='word_1_240' title='bbox 1728 2288 1972 2323; x_wconf 78' lang='lat' dir='ltr'>universita-</span> 
     </span>
     <span class='ocr_line' id='line_1_28' title="bbox 562 2347 1756 2396; baseline 0.003 -16"><span class='ocrx_word' id='word_1_241' title='bbox 562 2347 611 2381; x_wconf 72' lang='lat' dir='ltr'>tis</span> <span class='ocrx_word' id='word_1_242' title='bbox 635 2348 884 2382; x_wconf 73' lang='lat' dir='ltr'>institutione</span> <span class='ocrx_word' id='word_1_243' title='bbox 902 2348 1158 2394; x_wconf 75' lang='lat' dir='ltr'>colloquitur:</span> <span class='ocrx_word' id='word_1_244' title='bbox 1177 2349 1361 2396; x_wconf 81' lang='lat' dir='ltr'>Pragam</span> <span class='ocrx_word' id='word_1_245' title='bbox 1381 2348 1583 2395; x_wconf 74' lang='lat' dir='ltr'>proficisci</span> <span class='ocrx_word' id='word_1_246' title='bbox 1600 2349 1756 2384; x_wconf 80' lang='lat' dir='ltr'>statuit.</span> 
     </span>
    </p>
   </div>
   <div class='ocr_carea' id='block_1_7' title="bbox 332 2425 1968 2787">
    <p class='ocr_par' dir='ltr' id='par_1_10' title="bbox 332 2425 1968 2787">
     <span class='ocr_line' id='line_1_29' title="bbox 419 2425 1960 2481; baseline 0.002 -16"><span class='ocrx_word' id='word_1_247' title='bbox 419 2426 548 2481; x_wconf 78' lang='lat' dir='ltr'><strong>jhus.</strong></span> <span class='ocrx_word' id='word_1_248' title='bbox 590 2425 729 2467; x_wconf 85' lang='lat' dir='ltr'>Molto</span> <span class='ocrx_word' id='word_1_249' title='bbox 752 2425 864 2468; x_wconf 90' lang='lat' dir='ltr'><strong>Rdo.</strong></span> <span class='ocrx_word' id='word_1_250' title='bbox 894 2427 1038 2469; x_wconf 83' lang='lat' dir='ltr'>Padre</span> <span class='ocrx_word' id='word_1_251' title='bbox 1068 2434 1221 2468; x_wconf 80' lang='lat' dir='ltr'>nostro</span> <span class='ocrx_word' id='word_1_252' title='bbox 1250 2426 1296 2467; x_wconf 94' lang='lat' dir='ltr'>in</span> <span class='ocrx_word' id='word_1_253' title='bbox 1335 2426 1532 2469; x_wconf 77' lang='lat' dir='ltr'>Christo.</span> <span class='ocrx_word' id='word_1_254' title='bbox 1576 2427 1670 2468; x_wconf 82' lang='lat' dir='ltr'>Pax</span> <span class='ocrx_word' id='word_1_255' title='bbox 1709 2425 1832 2468; x_wconf 87' lang='lat' dir='ltr'><strong>Chri.</strong></span> <span class='ocrx_word' id='word_1_256' title='bbox 1872 2433 1960 2470; x_wconf 85' lang='lat' dir='ltr'>ete.</span> 
     </span>
     <span class='ocr_line' id='line_1_30' title="bbox 335 2501 1963 2558; baseline 0.001 -15"><span class='ocrx_word' id='word_1_257' title='bbox 335 2501 560 2543; x_wconf 88' lang='lat' dir='ltr'>Hauendo</span> <span class='ocrx_word' id='word_1_258' title='bbox 584 2502 710 2552; x_wconf 77' lang='lat' dir='ltr'>fatto,</span> <span class='ocrx_word' id='word_1_259' title='bbox 736 2515 820 2543; x_wconf 79' lang='lat' dir='ltr'>con</span> <span class='ocrx_word' id='word_1_260' title='bbox 849 2502 891 2543; x_wconf 91' lang='grc'>13</span> <span class='ocrx_word' id='word_1_261' title='bbox 919 2502 1072 2545; x_wconf 80' lang='lat' dir='ltr'>diuina</span> <span class='ocrx_word' id='word_1_262' title='bbox 1110 2502 1271 2556; x_wconf 65' lang='lat' dir='ltr'>gratia,</span> <span class='ocrx_word' id='word_1_263' title='bbox 1313 2503 1462 2558; x_wconf 77' lang='lat' dir='ltr'>quello</span> <span class='ocrx_word' id='word_1_264' title='bbox 1499 2504 1582 2545; x_wconf 83' lang='lat' dir='ltr'>ohe</span> <span class='ocrx_word' id='word_1_265' title='bbox 1611 2502 1648 2545; x_wconf 81' lang='lat' dir='ltr'>si</span> <span class='ocrx_word' id='word_1_266' title='bbox 1671 2502 1899 2545; x_wconf 79' lang='lat' dir='ltr'>riceroaua</span> <span class='ocrx_word' id='word_1_267' title='bbox 1922 2503 1963 2546; x_wconf 88' lang='grc'>31</span> 
     </span>
     <span class='ocr_line' id='line_1_31' title="bbox 333 2577 1964 2636; baseline 0.002 -17"><span class='ocrx_word' id='word_1_268' title='bbox 333 2578 423 2620; x_wconf 87' lang='lat' dir='ltr'>mio</span> <span class='ocrx_word' id='word_1_269' title='bbox 446 2577 692 2620; x_wconf 74' lang='lat' dir='ltr'>ministerio</span> <span class='ocrx_word' id='word_1_270' title='bbox 716 2579 788 2620; x_wconf 86' lang='lat' dir='ltr'>nel</span> <span class='ocrx_word' id='word_1_271' title='bbox 810 2578 1000 2633; x_wconf 69' lang='lat' dir='ltr'>collegio</span> <span class='ocrx_word' id='word_1_272' title='bbox 1030 2581 1085 2622; x_wconf 83' lang='lat' dir='ltr'>de</span> <span class='ocrx_word' id='word_1_273' title='bbox 1114 2580 1307 2634; x_wconf 82' lang='lat' dir='ltr'>Vienna,</span> <span class='ocrx_word' id='word_1_274' title='bbox 1340 2581 1454 2636; x_wconf 84' lang='lat' dir='ltr'>parti</span> <span class='ocrx_word' id='word_1_275' title='bbox 1483 2579 1527 2621; x_wconf 82' lang='lat' dir='ltr'>di</span> <span class='ocrx_word' id='word_1_276' title='bbox 1560 2581 1602 2623; x_wconf 80' lang='lat' dir='ltr'>la</span> <span class='ocrx_word' id='word_1_277' title='bbox 1638 2595 1718 2635; x_wconf 90' lang='lat' dir='ltr'>per</span> <span class='ocrx_word' id='word_1_278' title='bbox 1739 2579 1895 2624; x_wconf 90' lang='lat' dir='ltr'>uenire</span> <span class='ocrx_word' id='word_1_279' title='bbox 1918 2579 1964 2622; x_wconf 90' lang='lat' dir='ltr'>in</span> 
     </span>
     <span class='ocr_line' id='line_1_32' title="bbox 336 2654 1963 2712; baseline 0.002 -15"><span class='ocrx_word' id='word_1_280' title='bbox 336 2654 584 2705; x_wconf 85' lang='lat' dir='ltr'>Olomutio,</span> <span class='ocrx_word' id='word_1_281' title='bbox 611 2656 821 2709; x_wconf 58' lang='lat' dir='ltr'>(secondo</span> <span class='ocrx_word' id='word_1_282' title='bbox 843 2656 871 2696; x_wconf 79' lang='lat'>1’</span> <span class='ocrx_word' id='word_1_283' title='bbox 898 2655 1052 2699; x_wconf 88' lang='lat' dir='ltr'>ordine</span> <span class='ocrx_word' id='word_1_284' title='bbox 1076 2659 1159 2700; x_wconf 80' lang='lat' dir='ltr'>Che</span> <span class='ocrx_word' id='word_1_285' title='bbox 1182 2657 1241 2698; x_wconf 90' lang='lat' dir='ltr'>mi</span> <span class='ocrx_word' id='word_1_286' title='bbox 1264 2658 1320 2699; x_wconf 80' lang='grc'>(13</span> <span class='ocrx_word' id='word_1_287' title='bbox 1341 2658 1383 2699; x_wconf 91' lang='grc'>13</span> <span class='ocrx_word' id='word_1_288' title='bbox 1408 2659 1459 2700; x_wconf 82' lang='grc' dir='ltr'>Ρ.</span> <span class='ocrx_word' id='word_1_289' title='bbox 1487 2658 1542 2700; x_wconf 89' lang='lat' dir='ltr'>V.</span> <span class='ocrx_word' id='word_1_290' title='bbox 1570 2672 1648 2712; x_wconf 89' lang='lat' dir='ltr'>per</span> <span class='ocrx_word' id='word_1_291' title='bbox 1670 2672 1759 2700; x_wconf 88' lang='lat' dir='ltr'>vna</span> <span class='ocrx_word' id='word_1_292' title='bbox 1781 2656 1886 2700; x_wconf 80' lang='lat' dir='ltr'>delli</span> <span class='ocrx_word' id='word_1_293' title='bbox 1914 2669 1963 2711; x_wconf 84' lang='lat'>13</span> 
     </span>
     <span class='ocr_line' id='line_1_33' title="bbox 332 2731 1968 2787; baseline 0.002 -14"><span class='ocrx_word' id='word_1_294' title='bbox 332 2732 390 2775; x_wconf 91' lang='lat' dir='ltr'>de</span> <span class='ocrx_word' id='word_1_295' title='bbox 413 2731 589 2787; x_wconf 78' lang='lat' dir='ltr'>Luglio)</span> <span class='ocrx_word' id='word_1_296' title='bbox 613 2732 645 2783; x_wconf 77' lang='grc'>5;</span> <span class='ocrx_word' id='word_1_297' title='bbox 673 2738 715 2773; x_wconf 88' lang='lat' dir='ltr'>et</span> <span class='ocrx_word' id='word_1_298' title='bbox 739 2731 934 2774; x_wconf 85' lang='lat' dir='ltr'>arriuato</span> <span class='ocrx_word' id='word_1_299' title='bbox 959 2732 1050 2787; x_wconf 86' lang='lat' dir='ltr'>qui,</span> <span class='ocrx_word' id='word_1_300' title='bbox 1077 2733 1207 2776; x_wconf 84' lang='lat' dir='ltr'>andai</span> <span class='ocrx_word' id='word_1_301' title='bbox 1232 2749 1256 2776; x_wconf 88' lang='lat' dir='ltr'>a</span> <span class='ocrx_word' id='word_1_302' title='bbox 1279 2733 1522 2776; x_wconf 76' lang='lat' dir='ltr'>Cremsirio</span> <span class='ocrx_word' id='word_1_303' title='bbox 1545 2734 1577 2785; x_wconf 71' lang='lat'>²⁴,</span> <span class='ocrx_word' id='word_1_304' title='bbox 1599 2734 1717 2776; x_wconf 86' lang='lat' dir='ltr'>doue</span> <span class='ocrx_word' id='word_1_305' title='bbox 1736 2733 1773 2776; x_wconf 81' lang='lat' dir='ltr'>si</span> <span class='ocrx_word' id='word_1_306' title='bbox 1796 2733 1968 2777; x_wconf 85' lang='lat' dir='ltr'>ritroua</span> 
     </span>
    </p>
   </div>
   <div class='ocr_carea' id='block_1_8' title="bbox 338 2825 447 2830">
    <p class='ocr_par' dir='ltr' id='par_1_11' title="bbox 338 2825 447 2830">
     <span class='ocr_line' id='line_1_34' title="bbox 338 2825 447 2830; baseline 0 0"><span class='ocrx_word' id='word_1_307' title='bbox 338 2825 447 2830; x_wconf 95' lang='lat' dir='ltr'> </span> 
     </span>
    </p>
   </div>
   <div class='ocr_carea' id='block_1_9' title="bbox 332 2872 1963 3099">
    <p class='ocr_par' dir='ltr' id='par_1_12' title="bbox 406 2872 922 2919">
     <span class='ocr_line' id='line_1_35' title="bbox 406 2872 922 2919; baseline 0.004 -12"><span class='ocrx_word' id='word_1_308' title='bbox 406 2876 415 2895; x_wconf 90' lang='lat'>¹</span> <span class='ocrx_word' id='word_1_309' title='bbox 468 2873 567 2908; x_wconf 91' lang='lat' dir='ltr'>Vide</span> <span class='ocrx_word' id='word_1_310' title='bbox 589 2873 690 2919; x_wconf 83' lang='lat' dir='ltr'>epist</span> <span class='ocrx_word' id='word_1_311' title='bbox 724 2872 807 2915; x_wconf 82' lang='lat'>383,</span> <span class='ocrx_word' id='word_1_312' title='bbox 829 2886 866 2908; x_wconf 90' lang='lat' dir='ltr'>n.</span> <span class='ocrx_word' id='word_1_313' title='bbox 888 2882 922 2917; x_wconf 83' lang='lat'><strong>5.</strong></span> 
     </span>
    </p>

    <p class='ocr_par' dir='ltr' id='par_1_13' title="bbox 332 2934 1963 3039">
     <span class='ocr_line' id='line_1_36' title="bbox 403 2934 1963 2982; baseline 0.003 -15"><span class='ocrx_word' id='word_1_314' title='bbox 403 2936 415 2954; x_wconf 70' lang='lat'>‘-&#39;</span> <span class='ocrx_word' id='word_1_315' title='bbox 467 2934 524 2967; x_wconf 81' lang='lat' dir='ltr'>Ex</span> <span class='ocrx_word' id='word_1_316' title='bbox 554 2934 778 2979; x_wconf 81' lang='lat' dir='ltr'>archetypo,</span> <span class='ocrx_word' id='word_1_317' title='bbox 799 2945 819 2967; x_wconf 89' lang='grc'>3</span> <span class='ocrx_word' id='word_1_318' title='bbox 851 2934 1028 2978; x_wconf 88' lang='lat' dir='ltr'>Jimenez</span> <span class='ocrx_word' id='word_1_319' title='bbox 1059 2940 1231 2980; x_wconf 79' lang='lat' dir='ltr'>exarato,</span> <span class='ocrx_word' id='word_1_320' title='bbox 1259 2940 1297 2970; x_wconf 89' lang='lat' dir='ltr'>et</span> <span class='ocrx_word' id='word_1_321' title='bbox 1329 2935 1478 2970; x_wconf 86' lang='lat' dir='ltr'>Natalis</span> <span class='ocrx_word' id='word_1_322' title='bbox 1511 2947 1625 2970; x_wconf 90' lang='lat' dir='ltr'>manu</span> <span class='ocrx_word' id='word_1_323' title='bbox 1656 2934 1891 2982; x_wconf 88' lang='lat' dir='ltr'>subscripto,</span> <span class='ocrx_word' id='word_1_324' title='bbox 1923 2935 1963 2970; x_wconf 91' lang='lat' dir='ltr'>in</span> 
     </span>
     <span class='ocr_line' id='line_1_37' title="bbox 332 2991 1210 3039; baseline 0.001 -13"><span class='ocrx_word' id='word_1_325' title='bbox 332 2992 460 3039; x_wconf 79' lang='lat' dir='ltr'><strong>Epist.</strong></span> <span class='ocrx_word' id='word_1_326' title='bbox 482 2992 621 3027; x_wconf 78' lang='lat' dir='ltr'>Natal.</span> <span class='ocrx_word' id='word_1_327' title='bbox 635 3019 643 3035; x_wconf 83' lang='lat'>‚</span> <span class='ocrx_word' id='word_1_328' title='bbox 664 2992 713 3035; x_wconf 85' lang='grc' dir='ltr'>ΙΙ,</span> <span class='ocrx_word' id='word_1_329' title='bbox 732 2992 876 3039; x_wconf 85' lang='lat' dir='ltr'>duplici</span> <span class='ocrx_word' id='word_1_330' title='bbox 895 2991 985 3036; x_wconf 66' lang='lat' dir='ltr'>soh,</span> <span class='ocrx_word' id='word_1_331' title='bbox 1009 2992 1074 3037; x_wconf 79' lang='lat'>146</span> <span class='ocrx_word' id='word_1_332' title='bbox 1093 2992 1210 3038; x_wconf 81' lang='lat'><strong>(341).</strong></span> 
     </span>
    </p>

    <p class='ocr_par' dir='ltr' id='par_1_14' title="bbox 401 3051 1810 3099">
     <span class='ocr_line' id='line_1_38' title="bbox 401 3051 1810 3099; baseline 0.002 -13"><span class='ocrx_word' id='word_1_333' title='bbox 401 3052 414 3071; x_wconf 83' lang='lat'>⁵</span> <span class='ocrx_word' id='word_1_334' title='bbox 465 3051 564 3086; x_wconf 87' lang='lat' dir='ltr'>Vide</span> <span class='ocrx_word' id='word_1_335' title='bbox 583 3052 700 3098; x_wconf 79' lang='lat' dir='ltr'>epist.</span> <span class='ocrx_word' id='word_1_336' title='bbox 720 3051 804 3098; x_wconf 84' lang='lat'>413,</span> <span class='ocrx_word' id='word_1_337' title='bbox 822 3064 864 3087; x_wconf 91' lang='lat' dir='ltr'>n.</span> <span class='ocrx_word' id='word_1_338' title='bbox 892 3060 906 3087; x_wconf 95' lang='lat'>1</span> <span class='ocrx_word' id='word_1_339' title='bbox 920 3078 928 3087; x_wconf 95' lang='lat'><strong>.</strong></span> <span class='ocrx_word' id='word_1_340' title='bbox 1234 3054 1249 3074; x_wconf 68' lang='lat'>4</span> <span class='ocrx_word' id='word_1_341' title='bbox 1299 3053 1549 3089; x_wconf 82' lang='lat' dir='ltr'>Cremsirium</span> <span class='ocrx_word' id='word_1_342' title='bbox 1564 3054 1810 3099; x_wconf 83' lang='lat' dir='ltr'>(Kremsier).</span> 
     </span>
    </p>
   </div>
  </div>
 </body>
</html>
