2101 3348
398 222 445 257 90
914 209 1052 243 EPIST.
1080 206 1124 241 P.
1152 204 1422 250 NADAL—384

434 313 693 363 Caeterum,
721 317 770 352 ut
800 307 1009 352 catholici
1032 314 1177 350 status
1200 306 1247 349 in
1268 308 1355 350 hoc
1377 306 1563 363 negotio
1591 307 1760 351 rectius
1786 307 1982 352 instrua-

345 396 433 441 tur,
459 388 570 430 illud
593 387 727 432 etiam
751 393 888 441 atque
910 384 1045 429 etiam
1068 383 1302 428 catholicis
1330 383 1491 439 ijsdem
1514 383 1831 427 inculcandum
1854 384 1982 429 vide-

348 473 444 517 tur,
487 471 689 507 sanctam
731 463 884 506 sedem
923 461 1213 518 apostolicam
1253 461 1368 505 ferre
1406 460 1587 516 quidem
1626 462 1828 504 dolenter
1864 463 1981 506 hanc

347 541 671 584 catholicorum
704 540 750 583 in
783 538 1030 584 Germania
1066 537 1274 580 iniuriam
1308 544 1353 582 et
1385 537 1716 590 necessitatem,
1753 545 1801 581 ut
1824 538 1900 593 qui
1923 539 1981 581 ob

347 618 557 674 vigentes
580 631 702 660 nunc
724 619 936 660 haereses
955 614 1248 670 exequutioni
1266 614 1374 657 iuris
1397 616 1454 658 ad
1471 621 1649 670 tempus
1666 615 1844 669 cedere,
1865 616 1982 658 mul—

349 702 484 749 taque
506 709 531 737 a
554 694 759 750 sectarijs
781 693 970 749 indigna
988 694 1105 736 ferre
1122 698 1362 748 cogantur,
1387 692 1530 734 donec
1547 691 1757 734 nimirum
1775 691 1984 735 Christus

343 773 479 829 Jesus
501 771 679 814 illorum
700 771 821 814 vires
844 776 1028 826 augeat,
1055 769 1219 824 quibus
1236 768 1308 812 ius
1324 783 1456 811 suum
1473 783 1553 825 pro
1570 768 1791 825 dignitate
1813 769 1985 825 possint

349 848 574 905 persequi3
601 863 685 892 nec
710 855 860 892 tamen
884 846 1051 890 idcirco
1081 847 1137 889 ab
1169 847 1327 890 eadem
1358 861 1541 889 romana
1570 845 1760 889 ecclesia
1787 846 1982 902 probari,

350 925 567 982 quicquid
599 925 645 968 in
677 925 748 968 his
781 924 1034 969 recessibus
1067 931 1217 968 actum
1250 930 1339 976 est,
1365 938 1447 967 nec
1476 937 1632 979 pacem
1663 925 1780 966 hanc
1807 923 1987 979 publice

350 1002 643 1046 constitutam
666 1003 852 1047 laudari.
883 1002 1110 1048 Permittit
1132 1001 1310 1046 interim
1333 1015 1416 1045 nec
1440 1001 1647 1057 impedit,
1673 1015 1754 1057 pro
1784 1008 1987 1045 materna

350 1094 432 1122 sua
454 1079 500 1122 in
524 1079 639 1123 filios
656 1080 956 1136 indulgentia,
979 1080 1100 1135 quod
1116 1078 1341 1135 principes
1358 1076 1568 1121 catholici
1585 1077 1844 1128 huiusmodi
1862 1077 1986 1133 pacis

348 1155 631 1201 conditiones
673 1157 934 1211 admittant,
981 1157 1275 1210 confirment,
1314 1162 1359 1198 et
1397 1155 1664 1207 obseruent,
1706 1155 1885 1210 quando
1924 1155 1985 1197 illi

352 1235 488 1277 rebus
506 1234 779 1279 Germaniae
797 1242 887 1278 tam
908 1233 1100 1286 afflictis,
1117 1241 1162 1277 et
1179 1233 1405 1289 praesenti
1422 1232 1696 1285 necessitati,
1711 1234 1796 1275 hac
1814 1231 1985 1275 ratione

352 1311 682 1355 consulendum
704 1325 803 1355 esse
825 1311 1113 1355 arbitrantur.

445 1389 698 1440 Postremo,
724 1402 873 1443 neque
895 1402 998 1430 cum
1021 1387 1153 1430 dictis
1175 1386 1471 1443 principibus,
1497 1400 1646 1441 neque
1667 1400 1771 1429 cum
1795 1387 1850 1429 N.
1884 1387 1912 1438 ¹,
1938 1385 1985 1428 in

353 1466 439 1507 hac
461 1478 599 1507 causa
620 1464 777 1508 durius
799 1464 978 1508 videtur
1001 1465 1247 1521 agendum,
1272 1464 1416 1506 donec
1438 1462 1748 1506 sanctissimus
1777 1462 1989 1506 dominus

353 1549 507 1585 noster
528 1541 673 1597 primo
696 1556 877 1597 quoque
901 1551 1102 1597 tempore
1125 1542 1403 1593 consulatur3
1429 1555 1574 1595 eoque
1593 1540 1785 1585 maxime
1802 1541 1989 1585 consilia

354 1618 608 1674 dirigenda,
629 1626 679 1661 ut
696 1618 875 1663 interim
907 1619 1054 1661 272v
1081 1617 1312 1661 tridentini
1335 1617 1508 1673 concilij
1529 1617 1802 1662 mentionem
1820 1624 1865 1660 et
1882 1633 1990 1674 pro-

354 1695 594 1739 fessionem
617 1695 663 1738 in
686 1695 782 1751 ipso
807 1695 1178 1740 recessu-diserte
1200 1695 1263 1737 illi
1291 1695 1597 1751 interponant,
1623 1694 1741 1737 sicut
1763 1702 1832 1739 est
1854 1709 1989 1751 supra

354 1772 523 1815 dictum
532 1787 541 1826 ;
563 1780 657 1823 aut,
679 1772 715 1815 si
732 1774 819 1815 hoc
838 1773 953 1817 forte
977 1779 1173 1827 nequeat
1196 1771 1403 1824 obtineri,
1426 1778 1474 1814 ut
1491 1771 1643 1827 ijdem,
1668 1771 1714 1814 in
1737 1781 1988 1828 congrega·

355 1849 476 1892 tione
499 1849 768 1906 principum,
789 1851 874 1892 hac
897 1849 993 1906 ipsa
1015 1851 1071 1893 de
1093 1865 1141 1893 re
1158 1856 1354 1892 mentem
1375 1864 1502 1893 suam
1521 1850 1766 1902 declarent,
1786 1848 1988 1905 publice-

355 1941 442 1981 que
465 1934 702 1970 testentur.
728 1928 865 1983 Quod
887 1941 1043 1970 eorum
1065 1927 1389 1979 testimonium,
1416 1926 1463 1969 in
1486 1934 1586 1970 acta
1609 1926 1780 1978 referri,
1802 1933 1846 1970 et
1869 1926 1987 1982 apud

355 2010 561 2058 posteros
584 2004 735 2048 ualere
758 2003 922 2060 poterit
945 2004 1202 2060 aliquando,
1230 2004 1410 2047 Christo
1433 2003 1690 2047 auxiliante.

445 2081 572 2122 Haec
602 2095 627 2122 a
655 2080 785 2124 nobis
812 2080 932 2123 dicta
961 2081 1071 2133 sint,
1106 2088 1150 2125 et
1188 2080 1392 2125 subiecta
1431 2072 1706 2132 reueren'ter,
1742 2080 1790 2124 S.
1822 2079 1991 2122 domini

355 2156 497 2198 nostri
527 2163 571 2199 et
602 2158 649 2201 S.
682 2157 812 2201 Sedis
841 2157 1135 2214 apostolicae,
1167 2156 1459 2212 omniumque
1492 2157 1658 2201 rectius
1680 2156 1988 2209 sentientium,

356 2232 540 2276 iudicio.

355 2311 684 2354 HIERONYMUS
704 2312 936 2355 NATALIS.
976 2313 1171 2355 PETRUS
1210 2312 1458 2356 CANISIUS.
1489 2313 1701 2369 JACOBUS
1738 2313 1984 2355 LEDESMA.

446 2434 610 2477 274r.
1144 2437 1188 2477 B

1094 2520 1226 2575 Jhus.

417 2620 777 2650 RESPONSIONES
802 2621 988 2651 BREUES
1019 2621 1129 2651 SINE
1158 2621 1470 2652 ARGUMENTIS
1503 2623 1564 2652 AD
1596 2622 1931 2660 QUAESTIONES

870 2698 1082 2735 ALIQUOT
1107 2698 1480 2736 SUBSEQUENTES

988 2781 1115 2807 PRIMA
1144 2781 1354 2815 QUAESTIO

446 2850 538 2903 An,
570 2864 650 2905 per
684 2849 1076 2893 confirmationem
1105 2864 1311 2894 recessus
1355 2851 1460 2894 anni
1506 2862 1631 2906 1555,
1663 2851 1709 2893 in
1748 2850 1995 2895 uniuersali

429 3013 441 3034 ¹
491 3014 574 3049 Hac
594 3014 723 3050 littera
742 3015 816 3062 N.,
835 3015 897 3051 hic
915 3021 955 3051 et
974 3015 1086 3063 infra,
1104 3027 1302 3052 caesarem
1321 3016 1482 3052 indicari
1500 3016 1787 3053 existimamus.
