2101 3348
740 248 781 275 12
808 239 997 276 AUGUSTI
1027 239 1115 284 1567
1618 246 1687 282 509

101 347 159 391 N.
182 347 232 389 P.
254 355 307 399 25
325 345 381 388 de
393 343 514 402 Julio
543 343 667 397 1567.
699 341 846 384 Manu
863 342 921 383 P.
948 341 1117 384 Nadal:
1140 340 1168 397 †
1192 341 1424 396 Desegno,
1446 352 1534 395 que
1556 338 1600 382 io
1622 353 1734 383 cure

101 423 158 466 de
179 421 337 465 scriuir
360 428 515 464 contra
540 419 714 475 herejes
742 433 828 462 con
849 419 917 460 los
935 425 1160 469 nuestros,
1192 424 1300 469 etc„
1327 432 1355 472 y
1384 418 1493 459 hara
1516 417 1573 460 V.
1610 418 1662 459 P.
1688 416 1733 458 lo

104 514 193 554 que
215 498 260 542 ni
282 513 420 554 papas
442 497 487 540 ni
509 511 639 552 reyes
662 498 751 540 han
769 495 933 552 podido
956 497 1086 538 hasta
1108 509 1263 551 agora,
1289 510 1318 550 y
1335 508 1512 537 summo
1535 494 1684 550 plazer
1707 497 1733 536 a

107 577 238 619 todos
259 591 288 631 y
311 574 503 634 seruicio
521 578 545 617 a
568 574 678 617 Dios
706 575 733 625 ¹,
758 580 845 616 etc.
877 573 1128 629 Vestigimn
1152 573 1316 628 sigilli.

862 684 984 724 49²
1050 709 1054 715 ι

560 769 602 804 P.
630 767 919 805 DiONYsius
946 766 1201 812 VAZQUEZ
1227 765 1273 811 (Ρ)

750 845 798 868 ex
815 831 1090 868 commissione

429 901 638 943 PATRI
681 898 1113 942 HIERONYMO
1156 897 1398 940 NADAL

622 984 788 1018 ROMAE,
811 983 852 1009 12
871 981 1053 1009 AUGUSTI
1075 973 1165 1017 1567
1183 972 1211 1007 ².

103 1064 134 1089 l.
157 1054 421 1090 Recensentur
438 1053 625 1088 mittendi
641 1052 702 1087 vel
720 1051 832 1086 missi
850 1051 893 1085 in
913 1050 1126 1084 Polom'am
1145 1052 1181 1084 et
1204 1047 1570 1085 Germaniam.—2.
1601 1049 1732 1086 Desti-

584 1112 672 1147 uati
689 1112 742 1146 ad
760 1110 958 1145 Franciae
973 1109 1244 1156 pro-vinciam.

201 1204 236 1235 Ι.
304 1193 398 1234 Pax
420 1190 524 1246 Xpi.
553 1190 693 1233 Molto
716 1188 818 1231 R‚‹10
844 1186 889 1229 in
912 1188 1029 1242 Xpo'.
1057 1186 1218 1229 Padre.
1240 1187 1576 1232 Nostro-Padre
1594 1187 1653 1230 mi
1671 1190 1731 1231 ha

106 1282 357 1312 commesso
379 1269 450 1310 ch’
476 1267 519 1309 io
542 1267 680 1308 renda
703 1271 838 1308 conto
861 1264 1154 1307 breuemente
1177 1278 1202 1306 a
1225 1265 1281 1307 V.
1315 1265 1368 1306 R.
1406 1263 1450 1305 di
1481 1265 1618 1319 quelli
1647 1267 1733 1308 che

105 1359 216 1389 sono
237 1343 462 1400 designati
486 1358 564 1399 per
581 1341 805 1385 mandarsi
824 1341 909 1385 alle
926 1340 1041 1397 parti
1064 1339 1406 1384 settentrionali.
1427 1342 1483 1383 Et
1500 1341 1641 1397 prima
1658 1343 1730 1385 del

104 1424 156 1465 Ρ.
184 1421 391 1477 Philippo
413 1419 774 1463 Widmanstadio
797 1420 829 1471 ³,
852 1420 1038 1476 Jacomo
1063 1417 1251 1469 Polono,
1283 1417 1514 1461 Giouanni
1548 1419 1731 1475 Vegero

103 1499 339 1550 fiandrese,
364 1508 408 1541 et
431 1499 607 1541 Adamo
636 1496 826 1553 inglese,
860 1495 873 1538 i
912 1495 1033 1551 quali
1061 1495 1098 1538 si
1127 1495 1351 1538 mandano
1381 1496 1422 1538 al
1455 1497 1508 1539 P.
1546 1496 1728 1551 Sunier,

101 1583 146 1620 et
167 1576 260 1620 cosi
283 1578 462 1618 tornata
486 1575 516 1617 il
541 1577 592 1617 P.
620 1573 771 1617 Pietro
794 1575 919 1616 Phae
942 1587 1020 1628 per
1042 1571 1294 1628 Herbipoli,
1320 1579 1365 1616 et
1387 1587 1498 1616 sono
1528 1573 1674 1628 questi
1702 1587 1732 1628 4

105 1652 304 1710 soggetti
326 1653 464 1695 molto
486 1651 608 1705 boni,
635 1658 679 1695 et
702 1651 747 1693 in
770 1649 1053 1702 sufficientia,
1079 1656 1124 1692 et
1142 1648 1187 1691 in
1206 1649 1342 1692 uirtu.
1365 1651 1453 1693 Per
1471 1650 1726 1706 Herbipoli,

102 1732 216 1773 oltra
237 1731 308 1774 del
332 1731 383 1773 P.
413 1729 565 1773 Pietro
588 1730 712 1771 Phae
735 1734 780 1771 et
802 1727 832 1769 il
859 1729 910 1770 P.
937 1726 1162 1782 Gregorio
1192 1727 1206 1746 ‘⁴
1236 1727 1320 1769 che
1349 1733 1418 1769 sta
1446 1726 1493 1769 in
1520 1727 1723 1784 munga,

103 1808 140 1850 si
171 1807 385 1850 mandara
417 1806 461 1849 di
499 1820 588 1862 qua
618 1805 650 1847 11
683 1807 735 1848 P.
767 1805 975 1847 Emundo
1003 1803 1192 1848 hiberno
1223 1805 1254 1856 ⁵,
1286 1818 1478 1859 persona
1505 1811 1720 1860 attempe-

104 1891 199 1928 rata
225 1892 261 1938 ἃ,
288 1891 333 1928 et
355 1883 399 1927 di
423 1885 576 1926 buone
598 1882 728 1939 parti,
758 1889 804 1925 et
833 1896 895 1924 un
923 1882 1036 1924 altro
1071 1881 1243 1924 fratello
1275 1881 1505 1924 Giovanni
1535 1881 1728 1925 Battista

106 1975 290 2004 romano
312 1963 344 2013 ⁶,
369 1961 398 2003 il
422 1961 553 2017 quale
575 1962 675 2004 sara
699 1973 776 2015 per
801 1960 986 2015 leggere
1016 1957 1238 2001 rhetorica
1266 1964 1311 2000 et
1338 1957 1571 2002 humanita
1600 1966 1645 2001 et
1677 1973 1728 2003 sa

169 2105 190 2125 a
227 2098 403 2144 Regest.,
423 2098 655 2142 attempata.

170 2223 180 2242 ¹
232 2222 332 2257 Vide
352 2233 478 2268 supra,
499 2232 586 2268 pag.
610 2219 692 2265 508,
714 2224 845 2255 annot.
868 2218 902 2254 3.

172 2284 185 2303 2
235 2283 293 2317 Ex
311 2282 498 2327 Regesto‚
521 2281 615 2315 Cod.
638 2289 681 2325 33
697 2279 762 2326 g),
782 2278 820 2314 ff.
850 2278 894 2323 53
911 2291 948 2322 v,
976 2286 1033 2323 54.
1056 2279 1099 2313 In
1124 2277 1311 2324 margine:
1341 2278 1466 2324 Lieja.
1488 2279 1537 2314 P.
1564 2279 1727 2316 Natalia*

104 2341 211 2377 Haec
225 2341 387 2387 epistola
405 2340 657 2387 probabiliter
673 2351 695 2374 a
712 2339 756 2374 P.
778 2338 967 2385 Dionysio
982 2338 1177 2385 vazquez,
1195 2349 1243 2373 ex
1257 2338 1423 2383 Borgiae
1437 2339 1725 2379 commissione,

106 2401 246 2447 scripta
263 2399 349 2444 fuit3
370 2411 457 2435 nam
476 2398 633 2434 Polanci
652 2398 758 2433 vices
777 2397 817 2433 in
840 2396 1015 2444 epistolis
1034 2396 1225 2432 similibus
1250 2397 1544 2434 conscribendis
1569 2398 1607 2433 id
1631 2404 1726 2433 tem-

108 2471 178 2506 pus
201 2460 371 2506 gessisse
396 2459 627 2505 Dionysium
652 2463 804 2493 constat
822 2468 871 2492 ex
895 2456 1090 2492 nonnullis
1108 2456 1273 2501 Borgiae
1292 2456 1447 2503 litteris,
1467 2458 1629 2493 absente
1654 2458 1725 2493 Po-

108 2519 229 2563 lanco,
249 2519 392 2554 Romae
412 2517 590 2565 Dionysii
609 2529 725 2552 manu
743 2516 923 2552 exaratis.
950 2516 1050 2551 Vide
1075 2516 1260 2562 epistolas
1285 2528 1419 2551 mense
1440 2517 1610 2563 Augusti
1634 2518 1725 2552 anni

110 2578 198 2623 1567
216 2578 339 2624 datas,
357 2578 396 2613 in
418 2577 511 2612 Cod.
534 2587 594 2622 34.

177 2638 191 2658 ³
240 2637 339 2672 Vide
363 2636 446 2683 ejus
470 2648 633 2671 examen
658 2635 696 2670 in
721 2635 848 2681 Epist.
875 2635 1030 2676 Natal„
1052 2633 1101 2678 II,
1124 2634 1205 2679 5803
1221 2640 1261 2670 et
1278 2634 1443 2681 append.
1466 2635 1593 2671 LXIII
1611 2636 1724 2682 hujus

103 2697 193 2740 vol.‚
214 2696 280 2731 ubi
300 2695 384 2742 ejus
401 2695 591 2730 adventus
610 2695 649 2729 in
667 2693 865 2729 Poloniam
884 2693 1101 2739 attingitur.

171 2756 186 2776 ⁴
234 2755 312 2799 Sic,
331 2766 398 2801 pro
417 2753 586 2799 Georgio
604 2753 740 2796 Bader,
761 2752 809 2788 de
826 2764 902 2800 quo
922 2752 1077 2798 saepius
1096 2752 1274 2799 superius
1293 2751 1440 2788 dictum
1460 2758 1532 2789 est.

171 2815 185 2834 ⁵
233 2814 277 2849 In
307 2815 481 2859 catalogo
510 2812 664 2859 collegii
694 2811 978 2858 herbipolensis
1002 2817 1248 2858 nuncupatur
1271 2812 1493 2847 «Ernundus
1525 2812 1722 2848 Tanerus»

103 2872 306 2908 Admissus
324 2871 397 2908 fuit
414 2873 560 2907 Romae
577 2883 598 2917 9
617 2871 724 2918 Junii
746 2872 849 2916 1565.

173 2931 187 2952 ⁶
235 2932 404 2977 Joannes
434 2931 609 2978 Baptista
638 2942 833 2975 romanus,
852 2930 1044 2966 admissus
1064 2936 1124 2965 est
1149 2930 1295 2964 Romae
1314 2939 1334 2965 2
1359 2929 1592 2966 Novembris
1619 2930 1728 2975 1556,

104 3000 203 3024 anno
221 2989 358 3025 aetatis
379 2998 433 3034 14.
454 2991 499 3025 In
518 2990 633 3025 variis
652 2989 786 3025 Italiae
804 2989 980 3035 collegiis
999 2989 1130 3024 docuit
1148 2988 1393 3025 humaniores
1408 2989 1571 3025 litteras.
1588 2989 1730 3024 Herbi-

108 3048 225 3093 polim
242 3048 419 3094 pervenit
436 3056 457 3093 7
476 3048 657 3085 Octobris
679 3048 781 3093 1567.
802 3048 860 3083 Ex
879 3049 1055 3094 catalogo
1073 3047 1357 3094 herbipolensis
1376 3048 1544 3093 collegii.
