2101 3348
820 217 1041 254 APPENDIX
1622 220 1694 267 787

829 373 1027 422 XXXIX
1061 367 1063 370 ⁴

566 459 870 497 GULIELMUS
902 461 1290 500 RUSSINOWSKY

340 551 586 590 J()AhJN1
630 552 1015 584 FIQANOE:ISC()
1061 554 1524 593 COR1M13N130h10

601 627 835 682 Olomutii‚
862 639 911 681 17
930 628 1079 671 Martii
1102 630 1210 683 1567
1237 630 1265 672 ¹.

555 715 616 750 De
646 715 811 763 collegio
848 716 1054 751 Societatis
1091 717 1306 753 condendo.

206 792 318 833 Post
340 792 663 844 calamitatum,
683 793 842 848 quibus
864 794 1045 836 ecclesia
1067 794 1282 836 catholica
1305 795 1464 838 inillis
1481 797 1747 853 regionibus

110 851 378 903 vexabatur,
398 852 675 903 relationem,
693 852 970 894 desiderium
987 867 1120 895 suum
1139 855 1278 900 tantis
1294 855 1430 896 malis
1447 856 1748 898 succurrendi

115 911 275 963 aperit,
299 914 338 952 et
375 911 454 952 ait:
476 910 562 966 Egi
590 925 694 952 mox
723 925 826 953 cum
858 912 1070 954 fratribus
1094 912 1334 956 Societatis
1356 915 1482 970 Jesu,
1515 915 1748 957 offerendo

116 967 202 1010 illis
225 969 333 1012 satis
354 971 569 1013 honestos
592 969 780 1022 reditus,
802 971 1078 1014 deducerent
1100 986 1285 1014 suorum
1308 972 1528 1015 coloniam
1553 975 1746 1017 Olomu—

115 1026 253 1081 cium,
283 1043 399 1083 quae
421 1028 582 1071 ciuitas
604 1035 673 1071 est
696 1029 924 1072 Morauiae
947 1029 1169 1084 primaria,
1196 1032 1370 1074 habens
1393 1033 1544 1075 sedem
1569 1033 1747 1088 episco-

115 1087 277 1142 palem:
304 1088 350 1130 in
372 1102 461 1142 qua
484 1103 547 1139 re,
574 1102 664 1130 non
693 1088 862 1143 absque
890 1088 1153 1133 difficultate
1182 1097 1330 1133 tamen
1361 1097 1406 1134 et
1427 1105 1567 1145 mora,
1589 1106 1745 1148 gesse-

116 1153 222 1188 runt
245 1146 353 1188 mihi
375 1161 560 1190 morem.
587 1147 749 1189 Habeo
771 1146 858 1190 iam
882 1149 1122 1191 nonnullos
1151 1149 1311 1192 fratres
1334 1150 1574 1194 Societatis
1590 1151 1637 1194 in
1659 1153 1747 1194 hoc

118 1219 240 1247 nouo
259 1205 466 1261 collegio,
485 1219 676 1260 quorum
695 1206 829 1260 aliqui
843 1221 946 1249 cum
958 1221 1123 1263 magno
1133 1209 1281 1250 fructu
1294 1208 1634 1263 concionantur,
1650 1211 1746 1265 qui—

118 1265 221 1308 dam
238 1265 544 1319 juuentutem,
567 1271 656 1307 tam
673 1264 718 1307 in
738 1265 918 1320 pietate,
940 1281 1072 1321 quam
1090 1266 1136 1309 in
1154 1267 1282 1309 bonis
1299 1267 1474 1320 litteris,
1496 1269 1664 1324 optime
1680 1269 1748 1312 in-

118 1323 366 1366 stituunt...
389 1323 528 1366 Nouit
545 1331 696 1366 autem
714 1326 770 1367 D.
793 1326 850 1368 V.
871 1326 998 1368 Ill.ma
1017 1326 1304 1369 Olomucium
1322 1326 1457 1369 situm
1475 1342 1574 1370 esse
1593 1329 1686 1372 fere
1702 1328 1748 1370 in

117 1383 314 1426 confinio
335 1382 580 1439 Vngariae,
608 1383 840 1435 Poloniae,
869 1385 1128 1438 Bohemiae,
1156 1385 1384 1437 Austriae,
1411 1387 1681 1431 Sclauoniae
1703 1395 1748 1431 et

117 1442 320 1495 Silesiae3
346 1456 401 1484 ex
423 1441 588 1497 quibus
610 1443 857 1498 prouincijs
879 1458 1044 1499 magna
1066 1445 1173 1497 huc,
1194 1452 1289 1486 tum
1307 1452 1488 1500 propter
1510 1445 1657 1489 victus
1682 1447 1743 1489 fa—

117 1501 349 1554 cilitatem,
377 1508 471 1544 tum
493 1509 675 1557 propter
697 1502 1015 1546 addiscendam
1032 1503 1233 1559 linguam
1257 1504 1558 1559 germanicam
1575 1512 1621 1548 et
1639 1505 1749 1549 boe-

117 1561 295 1613 micam,
322 1575 512 1615 quarum
536 1568 726 1616 utraque
757 1562 1007 1605 communis
1035 1569 1080 1605 et
1109 1564 1312 1619 uulgaris
1341 1563 1413 1606 hic
1441 1571 1524 1619 est,
1551 1565 1749 1608 confluet

112 1620 337 1676 juuenum
366 1620 674 1675 frequentia...
706 1622 868 1664 domus
905 1636 985 1664 seu
1018 1622 1261 1678 collegium
1291 1624 1479 1665 fratrum
1509 1623 1749 1667 Societatis

119 1680 251 1722 ualde
272 1686 464 1735 angusta
488 1687 644 1722 sunt...
677 1688 907 1735 praeterea
929 1682 1100 1723 nullum
1134 1683 1347 1737 templum
1378 1682 1571 1738 collegio
1601 1689 1670 1725 est
1693 1697 1748 1725 ex

120 1753 245 1783 more
268 1738 563 1783 Societatis...
590 1740 663 1782 Ad
684 1740 865 1781 domam
888 1741 1198 1796 ampliandam
1216 1742 1326 1796 petit
1343 1741 1501 1783 deinde
1519 1748 1751 1786 monaste-

122 1797 238 1840 rium
261 1798 354 1841 diui
377 1800 412 1841 F
417 1798 605 1841 rancisci
628 1799 873 1854 collapsum
896 1799 981 1841 iam
1008 1800 1200 1843 maxima
1222 1816 1278 1844 ex
1299 1807 1481 1855 parte...

211 1858 324 1899 Ibid.
344 1858 433 1914 fol.
462 1856 558 1909 168,
582 1862 645 1900 est
666 1859 852 1913 epistola
874 1858 1073 1914 ejusdem
1097 1860 1155 1901 ad
1176 1860 1393 1910 eumdem,
1420 1860 1671 1903 Cremsirio
1693 1871 1751 1914 27

123 1917 225 1972 Maj
230 1918 244 1958 i
263 1928 287 1959 J
291 1919 376 1971 567
393 1917 512 1969 data,
531 1917 607 1959 ubi
624 1918 810 1973 gratias
832 1919 944 1974 agit,
963 1918 1015 1960 de
1038 1920 1310 1961 monasterio
1330 1918 1416 1960 sibi
1441 1933 1657 1962 concesso.

211 1976 325 2019 Ibid.
343 1977 432 2033 fol.
461 1986 561 2029 170,
583 1980 646 2018 est
668 1977 851 2031 epistola
873 1977 1073 2033 ejusdem
1096 1978 1155 2020 ad
1177 1978 1392 2029 eumdem,
1419 1978 1671 2020 Crernsz'rio
1694 1989 1751 2021 12

113 2035 234 2092 Julii
258 2038 371 2090 1567
393 2036 512 2087 data,
538 2036 585 2077 in
615 2050 702 2091 qua
723 2037 910 2091 gratias
939 2038 1104 2078 iterum
1135 2038 1248 2093 agit,
1272 2041 1312 2079 et
1327 2037 1439 2092 petii
1459 2040 1509 2079 ut
1530 2039 1751 2080 concessio

120 2096 387 2137 monasterii
409 2095 508 2136 sine
536 2095 786 2137 conditione
800 2096 890 2150 fiat
912 2111 937 2137 a
967 2097 1194 2151 pontifice.
1232 2103 1300 2138 La
1329 2096 1510 2138 tandem
1548 2096 1751 2139 Octobris

122 2165 147 2195 Ι
150 2156 235 2207 567
254 2154 370 2196 idem
392 2154 533 2196 eidem
550 2155 734 2208 scripsit
749 2155 802 2196 de
820 2156 1148 2210 acquiescentia
1164 2156 1466 2211 provincialis
1480 2156 1751 2213 francisca—

121 2213 233 2255 lium
249 2213 548 2268 probabiliter
575 2213 830 2257 obtinenda.

898 2329 980 2370 XL

632 2414 676 2451 P.
705 2413 1027 2452 LEONARDUS
1055 2415 1249 2451 KESSEL

501 2506 713 2536 SANCTO
747 2507 1059 2537 FRANCISCO
1099 2508 1169 2537 DE
1202 2507 1376 2548 BORJA

598 2582 830 2634 Coloniae,
863 2595 879 2625 1
906 2582 1077 2638 Aprilis
1106 2584 1215 2638 1567
1246 2584 1279 2628 ².

535 2670 596 2706 De
627 2671 788 2719 collegii
816 2671 1051 2707 coloniensis
1082 2672 1336 2708 lustratione.

210 2749 470 2792 Admodum
499 2749 618 2794 Rde.
659 2747 706 2791 in
735 2749 917 2792 Christo
949 2751 1100 2793 Pater:
1136 2751 1223 2793 hoc
1245 2765 1400 2794 mense
1423 2751 1586 2794 Martio
1612 2749 1756 2793 adfuit

195 2885 206 2905 ¹
257 2884 315 2918 Ex
334 2884 558 2930 archetypo,
578 2884 618 2919 in
636 2883 726 2919 cod.
751 2884 883 2920 Vatic.
906 2884 1059 2921 Lettere·
1075 2886 1122 2920 de
1131 2885 1327 2932 principi,
1343 2894 1401 2930 27,
1419 2885 1485 2920 fol.
1506 2884 1571 2920 166
1586 2889 1627 2919 et
1645 2895 1756 2930 seqq.

125 2941 226 2977 Vide
245 2942 362 2988 epist.
389 2942 471 2986 413,
492 2954 531 2980 n.
554 2951 586 2987 13
604 2951 687 2988 417,
708 2955 751 2978 n.
774 2951 810 2988 7;
830 2952 912 2989 419,
933 2956 975 2979 n.
1000 2952 1032 2988 13
1051 2953 1135 2988 4243
1155 2943 1239 2989 432,
1258 2956 1297 2979 n.
1317 2953 1352 2988 23
1373 2948 1412 2979 et
1430 2942 1512 2988 443,
1534 2955 1576 2978 n.
1604 2951 1640 2978 1.

198 3004 212 3023 2
262 3002 320 3036 Ex
339 3002 592 3048 autographo,
615 3002 654 3037 in
676 3001 772 3039 Cod.
791 3012 842 3047 29
856 3003 920 3049 g),
941 3001 1010 3047 273
1024 3002 1138 3047 (486).
1159 3002 1260 3038 Vide
1279 3003 1394 3049 epist.
1413 3003 1495 3048 4663
1513 3007 1552 3037 et
1566 3002 1651 3048 469,
1666 3013 1690 3036 n
1722 3012 1759 3045 4.
