2101 3348
775 233 820 269 24
847 225 1015 260 APRILIS
1045 226 1134 270 1566
1683 233 1723 270 7¹

149 326 291 380 (come
309 339 366 369 ue
383 325 426 368 10
442 327 500 368 110
518 325 776 382 significato
793 325 838 369 in
855 326 1096 383 presentia)
1117 327 1300 371 andiate
1317 327 1458 370 molto
1477 332 1784 380 cautamente,

152 400 224 443 1101
240 408 285 444 et
301 400 331 443 li
354 402 511 455 nostri,
537 403 656 446 nella
678 402 953 455 familiarita,
979 410 1024 446 et
1047 405 1121 448 nel
1151 411 1338 448 trattare
1360 418 1446 447 con
1469 403 1511 446 le
1540 403 1787 448 Serenissi-

153 492 222 521 me
245 479 418 534 regine,
443 486 488 523 et
512 479 557 522 ui
579 479 783 532 ritiriate,
810 487 980 536 quanto
1003 482 1028 523 e
1057 481 1295 536 possibile,
1322 481 1367 523 di
1390 495 1480 523 non
1509 480 1678 524 intrare
1701 495 1788 524 6011

153 569 252 598 6556
274 555 379 598 116111
398 555 566 612 negotij
587 558 672 599 che
689 571 780 599 non
802 556 927 600 siano
950 557 1006 599 de
1025 557 1327 609 confessione,
1354 565 1399 600 et
1422 557 1716 609 conscientia,
1743 564 1788 602 et

152 631 298 684 simili,
324 634 408 676 che
430 647 519 675 non
543 636 855 689 apartengono
878 633 1054 688 proprie
1083 635 1169 676 alla
1198 634 1477 690 professione
1508 641 1676 686 nostra,
1709 648 1789 690 per

151 707 359 752 schiuare
381 716 425 752 et
446 709 643 752 scusarsi
666 716 824 752 contro
846 710 930 752 alle
959 710 1202 766 suspitioni
1231 718 1275 753 et
1298 710 1498 766 opinioni
1526 711 1569 752 d'
1596 712 1790 754 alchune

150 799 354 840 persone.
382 785 674 829 Ricordateui
697 800 826 830 come
842 787 884 830 le
902 793 1055 830 nostre
1073 786 1389 829 constitutioni
1407 787 1726 842 prohibiscono
1746 795 1792 831 et

149 862 366 907 ordinano
388 865 472 906 che
499 864 530 906 li
559 863 702 906 nostri
731 862 768 906 si
797 863 1023 919 guardino
1053 863 1097 906 di
1126 878 1382 919 gouernare
1412 864 1530 908 done
1562 864 1787 920 religiose,

148 939 282 983 etiam
304 942 389 984 che
412 940 538 984 siano
561 939 677 983 fuori
707 940 813 984 delli
842 940 1100 996 monasterij
1117 974 1126 992 ,
1152 948 1198 983 et
1225 940 1271 983 di
1294 955 1385 983 non
1418 942 1574 983 hauer’
1601 954 1709 983 cura
1741 942 1786 983 di

151 1031 264 1065 esse.
292 1019 349 1060 Et
366 1019 541 1061 benche
563 1025 718 1060 nostro
737 1018 885 1060 Padre
903 1019 1117 1074 generale
1137 1017 1258 1074 possi
1276 1018 1526 1074 dispensar’
1548 1017 1594 1060 in
1614 1026 1789 1072 questo,

153 1098 302 1137 tamen
325 1095 354 1137 il
378 1102 529 1151 tempo
551 1095 591 1138 ci
613 1097 760 1138 sforza
782 1095 827 1137 di
850 1096 1004 1138 andar’
1025 1095 1071 1137 in
1090 1103 1252 1150 questo
1270 1096 1458 1152 negotio
1478 1110 1564 1138 con
1582 1096 1790 1151 grandis-

152 1171 263 1215 sima
284 1172 659 1224 consideratione,
686 1179 731 1216 et
754 1172 814 1214 mi
836 1173 892 1215 da
920 1173 1158 1216 occasione
1180 1172 1225 1215 di
1249 1173 1495 1215 consultar'
1521 1187 1611 1215 con
1634 1180 1790 1215 nostro

153 1250 314 1293 Padre.
341 1251 467 1292 Hora
489 1249 527 1293 si
549 1251 665 1294 uede
689 1257 817 1305 tropo
835 1256 1003 1304 quanto
1021 1251 1062 1292 le
1079 1251 1203 1293 dette
1222 1242 1380 1306 regine
1398 1236 1524 1293 siano
1541 1249 1693 1293 dedite
1711 1250 1787 1291 all'

152 1340 242 1369 una
264 1334 309 1370 et
330 1327 405 1370 all'
430 1328 543 1370 altra
566 1342 760 1382 persona
781 1326 886 1370 delli
909 1326 1069 1379 nostri,
1097 1327 1365 1371 mouendosi
1384 1334 1545 1383 troppo
1563 1341 1642 1382 per
1659 1327 1789 1381 qual-

150 1404 234 1446 che
258 1403 522 1448 mutatione.

239 1493 280 1523 2.
346 1482 457 1524 Item
479 1481 629 1524 uorrei
652 1483 735 1524 che
759 1483 819 1525 V.
854 1483 907 1524 R.
937 1496 1026 1524 non
1050 1481 1262 1524 domandi
1285 1482 1342 1524 116
1363 1481 1474 1537 pigli
1497 1480 1650 1524 niente
1674 1481 1791 1525 dalle

150 1558 273 1602 dette
305 1558 484 1614 regine,
516 1573 643 1601 come
672 1558 873 1615 presenti
903 1573 980 1615 per
1011 1558 1041 1600 li
1070 1558 1211 1601 nostri
1241 1557 1439 1614 collegij,
1472 1557 1620 1601 11151110
1652 1573 1676 1601 3
1706 1560 1791 1602 6116

152 1635 390 1678 habbiamo
408 1636 449 1678 13
472 1635 665 1692 risposta
686 1637 743 1679 da
766 1638 923 1688 Roma,
949 1636 995 1679 di
1023 1637 1174 1691 quello
1197 1638 1270 1679 ch’
1297 1636 1340 1678 io
1364 1635 1564 1679 scriuero
1588 1651 1613 1677 a
1635 1645 1791 1678 nostro

155 1713 300 1756 Padre
324 1726 402 1768 per
432 1713 544 1755 darli
573 1714 724 1756 buona
754 1713 1070 1756 informatione
1100 1714 1172 1756 del
1202 1720 1335 1756 tutto.
1372 1715 1491 1756 Pure
1519 1727 1599 1768 per
1627 1719 1790 1767 questo

153 1804 242 1832 non
264 1789 450 1832 intendo
468 1792 552 1834 che
573 1790 757 1835 lasciate
780 1791 836 1833 de
870 1790 1058 1846 pigliare
1081 1791 1232 1846 quello
1255 1792 1339 1832 che
1363 1791 1481 1833 forse
1504 1791 1604 1832 sara
1628 1804 1790 1833 neces-

153 1866 269 1910 sario
291 1868 332 1910 al
357 1869 408 1910 P.
435 1867 630 1920 Liberio,
652 1875 696 1911 et
719 1867 853 1910 simili
883 1868 1062 1911 amalati
1085 1868 1158 1912 del
1180 1874 1334 1910 vostro
1365 1866 1575 1923 collegio,
1604 1867 1788 1921 quando

152 1944 193 1987 16
214 1944 308 1987 1010
327 1945 514 1987 Altezze
531 1959 610 2000 per
627 1959 709 1988 sua
726 1945 899 1988 charita
916 1945 1085 1988 darano
1103 1946 1297 1988 alchuna
1314 1959 1435 1996 cosa,
1457 1945 1635 1988 benche
1659 1958 1788 1986 come

151 2022 253 2064 nell’
279 2022 391 2064 altra
414 2022 572 2066 lettera
596 2022 640 2064 ui
664 2022 764 2064 dico
788 2024 816 2075 ¹,
842 2023 884 2065 la
906 2036 1061 2077 spessa
1084 2023 1168 2065 che
1192 2022 1284 2064 far'a
1307 2021 1386 2073 lui,
1413 2023 1615 2077 paghera
1639 2020 1787 2063 Dilin—

150 2112 224 2154 ga.
251 2100 307 2141 Et
328 2099 404 2141 uoi
426 2099 539 2143 siate
561 2099 717 2151 libero,
746 2100 909 2151 Padre,
930 2100 973 2141 d'
999 2099 1242 2142 informare
1261 2114 1286 2141 a
1303 2105 1458 2141 nostro
1478 2098 1622 2141 Padre
1641 2112 1786 2153 gene-

151 2175 241 2219 1316
272 2175 317 2218 di
349 2183 508 2231 queste
538 2176 628 2220 due
665 2190 769 2219 cose
802 2178 873 2218 ch’
905 2176 949 2219 io
980 2176 1025 2218 ui
1054 2175 1171 2227 dico,
1203 2190 1335 2231 sopra
1364 2175 1406 2219 le
1434 2174 1554 2229 quali
1587 2174 1788 2217 561111610

153 2268 178 2295 3
199 2254 246 2297 S.
275 2255 326 2296 Ρ.
348 2261 508 2310 questo
525 2255 713 2297 sabbato
732 2254 763 2306 ²3
786 2254 877 2298 fate
895 2253 970 2296 1101
986 2253 1017 2295 11
1040 2253 1201 2305 51111116,
1223 2252 1348 2295 36610
1367 2252 1592 2308 possiamo
1615 2252 1645 2294 il
1669 2258 1789 2294 tutto

155 2330 248 2374 fare
279 2345 364 2373 con
396 2330 621 2387 maggior’
647 2331 768 2374 lume
797 2338 842 2374 et
872 2331 1077 2374 saldezza
1109 2345 1135 2373 a
1172 2329 1383 2386 maggior
1416 2329 1560 2386 gloria
1589 2329 1631 2370 d'
1666 2328 1789 2371 Iddio

157 2415 310 2450 nostro
332 2408 541 2464 Signore.
569 2408 663 2452 Sua
685 2407 839 2450 diuina
867 2409 1039 2451 Maesta
1070 2406 1111 2449 ci
1138 2407 1210 2449 dia
1237 2407 1280 2450 la
1309 2421 1418 2450 uera
1446 2405 1707 2461 prudentia,
1743 2413 1788 2448 et

157 2484 308 2527 debito
330 2486 427 2529 zelo
449 2484 493 2527 di
515 2487 774 2528 conseruar'
799 2486 841 2527 la
864 2484 1012 2540 purita
1034 2485 1107 2529 del
1129 2491 1286 2526 nostro
1308 2483 1532 2526 instituto.

244 2575 284 2616 3.
350 2564 525 2617 Queste
548 2576 652 2605 cose
676 2561 852 2606 65611110
874 2577 954 2618 per
976 2561 1200 2605 occasion'
1222 2562 1265 2603 d'
1288 2561 1482 2603 alchune
1505 2561 1589 2603 che
1607 2561 1666 2601 ho
1684 2573 1788 2602 sen-

156 2636 236 2681 tito
253 2641 453 2683 hauerne
474 2646 657 2683 trattato
675 2647 719 2683 et
737 2639 976 2696 ragionato
993 2653 1185 2695 persone
1208 2638 1372 2695 grandi
1394 2637 1440 2680 in
1464 2644 1624 2693 questa
1646 2644 1785 2687 corte3

152 2740 191 2775 in
209 2740 342 2787 Epist.
365 2740 529 2785 Natal.,
549 2742 597 2784 II,
621 2740 736 2776 unico
755 2741 848 2787 fol.,
871 2750 938 2787 119
957 2742 1078 2787 (502).
1103 2740 1298 2786 Quoniam
1317 2739 1432 2785 hujus
1452 2738 1641 2785 epistolae
1660 2748 1788 2772 exem-

150 2798 255 2843 plum
273 2799 526 2845 archetypum
545 2798 676 2834 Dirsio
694 2799 829 2835 datum
848 2798 935 2841 fuit,
964 2800 1089 2834 solum
1115 2803 1252 2844 restat,
1271 2797 1375 2845 quod
1395 2797 1575 2841 sciamus,
1598 2796 1787 2830 authenti-

152 2867 239 2892 cum
257 2862 554 2904 transumptum,
577 2858 689 2904 jussu
715 2858 865 2894 Natalis
891 2864 1105 2894 exaratum.
1134 2857 1234 2893 Illud
1258 2857 1321 2893 hic
1340 2856 1587 2892 exhibemus.
1619 2853 1788 2896 Titulus,

157 2915 291 2950 eadem
310 2928 425 2951 manu
443 2916 554 2952 initio
572 2918 741 2964 positus:
760 2918 880 2964 shus.
911 2917 1037 2965 Copia
1062 2919 1101 2953 d'
1129 2930 1213 2953 una
1233 2918 1423 2965 postdata
1442 2915 1483 2950 al
1508 2915 1560 2949 P.
1591 2914 1743 2957 Dirsio,
1765 2925 1791 2946 ιι

158 2983 207 3017 24
224 2976 263 3010 d'
282 2975 423 3021 Aprile
442 2976 551 3020 1566.
571 2976 671 3011 Vide
691 2977 810 3023 epist.
834 2976 917 3021 380,
937 2989 980 3013 n.
1005 2986 1040 3022 73
1063 2982 1102 3012 et
1120 2976 1290 3023 append.
1315 2975 1477 3019 XXXV,
1497 2979 1536 3009 et
1554 2973 1677 3007 LXV.

234 3037 242 3055 ¹
295 3035 376 3069 Has
394 3034 544 3070 litteras
564 3035 722 3071 minime
738 3036 926 3072 vidimus.
1100 3039 1114 3057 ‘-'
1166 3035 1266 3071 Vide
1286 3035 1406 3081 epist.
1431 3032 1515 3078 380,
1535 3044 1578 3067 n.
1603 3040 1641 3075 7.
