2101 3348
397 245 464 282 510
907 234 1045 268 EPIST.
1077 233 1121 267 Ρ.
1153 231 1420 279 NADAL—492

350 338 395 381 di
416 337 573 393 poesia
597 343 641 380 et
663 335 778 379 assai
800 334 1133 388 mathematica,
1159 341 1204 378 et
1225 335 1249 378 e
1273 341 1430 378 tenuto
1452 335 1508 378 da
1529 334 1672 377 nostri
1690 348 1768 390 per
1785 348 1976 391 persona

352 414 567 456 uirtuosa.
595 414 653 456 A]
677 414 729 455 P.
758 411 941 456 Canisio
963 411 999 454 si
1022 412 1185 454 mando
1210 414 1326 455 Mro.
1357 413 1498 455 Paulo
1521 409 1752 468 Viggiano
1773 426 1853 467 per
1874 412 1975 468 leg-

350 505 432 547 ger
453 489 751 545 philosophia.
776 488 1006 532 Mandossi
1029 503 1192 532 ancora
1216 490 1329 532 Mro.
1356 488 1549 532 Ricardo
1570 488 1774 541 hiberno,
1795 488 1825 530 il
1841 489 1973 543 quale

347 569 483 624 legge
525 567 685 610 adesso
727 565 1008 622 philosophia
1050 565 1095 608 in
1137 565 1344 622 Dilinga,
1391 573 1436 610 et
1485 565 1760 609 mandarassi
1808 566 1969 609 adesso

349 646 460 688 Mro.
489 644 631 687 Paulo
656 643 808 697 Oliua‚
834 642 1085 686 sufficiente
1108 658 1188 699 per
1216 643 1499 700 philosophia
1521 650 1565 687 et
1587 642 1819 686 humanita
1842 658 1867 685 a
1888 644 1970 685 ba-

345 728 514 772 stanza,
540 728 585 765 et
606 735 669 763 un
691 721 806 764 altro
824 722 1022 764 Roberto
1040 720 1248 773 hiberno,
1268 720 1298 762 il
1317 721 1447 776 quale
1470 721 1495 763 6
1513 719 1615 763 delli
1634 720 1709 776 piu
1732 719 1972 763 sufficienti

345 798 537 842 scholari
566 798 637 841 del
667 800 717 841 P.
753 798 1005 841 Benedetto
1039 799 1048 818 ¹
1081 797 1126 839 di
1156 804 1319 852 questo
1352 812 1496 840 corso.
1533 799 1590 840 Et
1622 812 1733 840 sono
1766 796 1913 852 questi
1946 809 1974 850 4

343 877 480 919 molto
502 875 609 918 boni
630 874 675 918 in
700 874 833 918 uirtu.
864 876 920 917 Et
944 875 1064 918 forsa
1087 889 1136 918 se
1158 874 1188 916 li
1219 875 1435 918 mandara
1457 889 1519 917 un
1542 875 1655 917 altro
1683 889 1763 931 per
1792 888 1975 930 grama-

345 953 434 996 tica
457 968 482 995 o
504 952 752 995 humanita.
780 954 849 995 De
872 951 946 1007 piu
971 967 1019 996 se
1041 951 1071 993 li
1101 950 1304 994 rimanda
1325 951 1356 993 il
1385 952 1561 996 fratello
1584 951 1690 994 Vito
1713 951 1745 1003 ²,
1780 950 1810 992 il
1843 950 1975 1005 quale

346 1031 406 1073 V.
439 1031 492 1072 R.
519 1030 682 1072 mando
706 1044 731 1071 a
754 1030 913 1081 Roma,
939 1043 1025 1071 con
1050 1043 1110 1071 un
1134 1029 1247 1071 altro
1264 1028 1460 1080 nouicio,
1481 1028 1511 1070 il
1528 1028 1660 1084 quale
1679 1042 1771 1070 non
1789 1027 1825 1071 si
1847 1033 1976 1070 troua

345 1108 460 1151 bene
483 1106 572 1163 qui.
601 1105 899 1150 Conduttiere
921 1094 1016 1149 loro
1040 1107 1139 1148 sara
1163 1105 1193 1148 il
1217 1107 1268 1148 P.
1295 1106 1500 1149 Gerardo
1524 1104 1721 1149 Pastelio
1745 1106 1776 1146 ³.

436 1197 476 1227 2.
543 1184 603 1227 Al
627 1185 677 1227 P.
706 1182 908 1227 Oliuerio
939 1184 954 1203 ‘⁴
987 1182 1024 1226 si
1055 1183 1221 1226 manda
1255 1197 1316 1225 un
1347 1184 1551 1226 francese
1589 1183 1660 1224 ch’
1696 1183 1752 1224 ha
1784 1180 1909 1224 finito
1943 1180 1973 1222 il

345 1276 475 1305 corso
498 1261 541 1303 d'
567 1261 650 1304 arti
673 1261 848 1315 adesso,
875 1261 999 1304 detto
1021 1259 1253 1304 Giovanni
1275 1259 1543 1314 Grangione
1561 1261 1593 1313 ⁵,
1614 1266 1659 1303 et
1677 1273 1739 1301 un
1756 1259 1869 1301 altro
1886 1257 1974 1300 ita-

345 1339 479 1391 liano,
504 1353 584 1394 per
606 1352 740 1381 nome
762 1337 956 1393 Ignatio,
982 1336 1013 1379 il
1036 1338 1167 1392 quale
1190 1336 1270 1379 fini'
1291 1336 1321 1378 il
1343 1351 1473 1379 corso
1496 1337 1552 1379 de
1574 1335 1658 1379 arti
1680 1336 1709 1377 l’
1730 1350 1848 1378 anno
1866 1350 1973 1391 pas*

347 1422 459 1468 sato,
486 1422 529 1459 et
551 1414 687 1471 dopoi
709 1416 767 1457 ha
789 1414 1030 1471 insegnato
1051 1414 1300 1466 humanita‚
1327 1414 1428 1456 nela
1458 1414 1589 1468 quale
1612 1420 1657 1456 et
1686 1412 1732 1454 in
1749 1411 1973 1455 rhetorica

347 1494 372 1536 e
393 1491 507 1536 assai
530 1492 619 1535 ben
644 1498 821 1535 uersato
844 1498 888 1535 et
916 1492 1050 1536 credo
1073 1493 1172 1534 sara
1196 1493 1338 1535 anche
1360 1498 1456 1534 atto
1480 1505 1558 1546 per
1588 1491 1747 1546 legger
1776 1488 1975 1545 philoso-

347 1569 465 1626 phia,
492 1570 578 1612 alla
600 1569 732 1624 quale
755 1569 780 1612 6
808 1568 1037 1611 inclinato.
1067 1570 1189 1611 Poco
1211 1567 1359 1611 inanzi
1383 1567 1418 1610 si
1441 1567 1604 1611 mando
1627 1568 1668 1610 al
1692 1568 1743 1609 P.
1772 1565 1975 1610 Oliuerio

348 1648 460 1690 Mro.
482 1648 667 1704 Jacomo
690 1660 869 1690 scosese
891 1661 969 1702 per
993 1647 1179 1702 leggere
1202 1645 1232 1687 il
1263 1660 1391 1688 corso
1413 1645 1458 1687 in
1483 1644 1651 1700 Parigi3
1685 1651 1729 1687 et
1758 1649 1916 1698 questa
1949 1644 1974 1686 6

347 1725 388 1766 la
411 1722 668 1779 prouisione
692 1724 775 1766 6116
798 1724 855 1766 N.
890 1725 942 1766 P.
977 1723 1138 1766 manda
1171 1729 1331 1777 questo
1365 1728 1569 1765 autunno
1602 1736 1626 1764 a
1659 1721 1806 1776 quelle
1837 1720 1969 1777 parti.

348 1802 490 1856 Spero
514 1802 598 1844 che
621 1801 678 1843 N.
701 1801 749 1844 S.
771 1799 808 1843 si
826 1799 996 1844 seruira
1013 1800 1151 1843 molto
1174 1799 1218 1841 di
1240 1799 1350 1851 loro,
1371 1814 1452 1854 per
1470 1812 1592 1843 esser
1610 1797 1798 1840 uirtuosi
1821 1804 1865 1841 et
1881 1798 1970 1841 ben

350 1877 520 1920 fondati
543 1877 660 1920 nella
682 1876 922 1920 uocatione
944 1891 1041 1919 sua.
1066 1877 1125 1919 D'
1157 1877 1268 1919 altre
1298 1890 1416 1928 cose,
1444 1882 1568 1931 parte
1600 1874 1797 1918 scriuera
1819 1876 1875 1917 N.
1915 1876 1966 1917 P.

350 1955 525 2008 istesso,
552 1961 596 1999 et
618 1961 746 2010 parte
768 1954 805 1997 si
827 1953 1025 1998 scriuera
1054 1969 1133 2010 per
1155 1954 1281 1996 altre.
1314 1954 1383 1996 Ne
1411 1954 1523 1995 altro
1551 1967 1600 1996 se
1632 1967 1720 1994 non
1756 1954 1839 1995 che
1867 1950 1972 1993 tutti

347 2032 388 2074 ci
411 2031 798 2075 raccomandiamo
821 2031 906 2075 alle
928 2030 1120 2074 orationi
1141 2037 1186 2074 et
1208 2029 1415 2073 sacrificii
1438 2029 1482 2072 di
1505 2031 1563 2073 V.
1589 2030 1643 2084 R.
1665 2036 1709 2073 et
1730 2029 1802 2073 del
1822 2031 1868 2071 P.
1889 2027 1974 2072 Xi-

348 2123 504 2152 menez
528 2115 613 2152 etc.
642 2109 700 2151 Al
725 2110 777 2151 P.
811 2108 1014 2152 Oliuerio
1045 2108 1163 2150 forsa
1192 2107 1229 2150 si
1259 2107 1510 2150 rimandara
1538 2121 1601 2149 un
1629 2106 1863 2150 sacerdote
1891 2106 1975 2148 che

349 2186 513 2228 mando
533 2192 691 2240 questo
715 2200 834 2228 anno
857 2191 1037 2241 passato
1060 2199 1148 2240 qua
1170 2198 1248 2241 per
1277 2184 1423 2245 aiutar
1451 2183 1496 2225 in
1529 2183 1719 2239 qualche
1748 2181 1974 2225 nouiciato

352 2260 395 2303 di
418 2276 499 2304 sua
522 2262 771 2316 prouincia.
799 2261 856 2305 Di
879 2263 1039 2316 Roma,
1064 2261 1095 2304 li
1123 2274 1171 2305 12
1195 2261 1240 2303 di
1263 2262 1442 2318 Agosto
1472 2261 1596 2315 1567.

421 2439 429 2458 ¹
481 2438 715 2474 Benedictus
734 2438 902 2483 Pereira,
921 2440 1041 2476 lector
1059 2438 1323 2486 philosophiae
1341 2438 1380 2473 in
1397 2437 1562 2484 collegio
1581 2447 1749 2472 romano.

420 2501 433 2520 ‘2
485 2498 598 2533 Vitus
618 2497 747 2533 Liner.
768 2498 867 2533 Vide
887 2499 1000 2545 epist.
1021 2498 1102 2544 434,
1124 2511 1162 2534 n.
1183 2507 1217 2534 2.

421 2559 434 2579 5
487 2556 586 2591 Vide
606 2568 732 2603 supra,
754 2568 841 2603 pag.
862 2556 943 2603 332,
965 2563 1094 2593 annot.
1115 2557 1149 2593 3.

419 2619 433 2639 ⁴
483 2617 675 2659 Manareo,
698 2616 926 2661 provinciali
945 2617 1142 2652 Franciae.

421 2677 434 2697 ⁵
486 2675 604 2710 Forte
623 2680 682 2709 est
702 2675 871 2720 Joannes
890 2675 1148 2721 Grangianus,
1169 2675 1279 2723 cujus
1298 2686 1461 2710 examen
1480 2673 1670 2710 edidimus
1689 2673 1727 2709 in
1746 2673 1872 2720 Epist.
1893 2673 1973 2709 Na-

350 2734 508 2779 tal.‚11,
530 2734 611 2778 562.
