2141 3358
637 255 892 290 PROOEMIUM
918 263 1058 289 TERTn
1087 260 1313 289 VOLUMINIS
1708 256 1750 282 xi

151 373 240 415 que
263 372 432 414 apenas
455 360 678 400 teniamos
703 354 870 411 tiempo
900 371 1008 411 para
1037 369 1190 399 comer
1220 370 1249 411 y
1278 352 1505 397 dormir...
1546 351 1599 393 El
1623 351 1677 393 P.
1705 350 1795 392 Ca-

155 441 272 485 nisio
294 441 694 484 admirablemente
716 440 867 495 ayudo
889 453 977 482 con
1010 454 1088 482 sus
1111 438 1318 495 predicas
1349 452 1407 480 en
1429 437 1472 479 la
1501 447 1742 491 quaresma
1768 447 1797 487 y

158 524 537 568 conuersaciones
555 538 642 566 con
665 524 894 582 tudescos:
922 522 1088 564 fuimos
1111 522 1197 576 ely
1214 535 1272 576 yo
1289 525 1315 563 a
1347 519 1504 563 visitar
1536 519 1604 560 los
1626 516 1796 573 princi-

158 623 238 665 pes
261 607 610 659 ecclesiasticos,
635 622 663 662 y
688 621 737 650 se
765 605 868 648 hizo
892 606 1056 658 fructo,
1082 606 1200 647 vltra
1230 606 1286 647 de
1316 605 1358 647 lo
1388 618 1477 659 que
1506 603 1656 659 ayudo
1694 605 1793 642 mu-

155 694 240 735 cho
273 706 330 735 en
360 692 427 733 los
464 689 696 746 negocios.
746 690 798 732 El
836 690 887 732 P.
925 690 1148 733 Ledesma
1172 688 1460 743 juntamente
1505 686 1655 741 ayudo
1693 698 1796 726 mu-

152 776 314 818 cho...»
343 773 475 830 (180).
503 774 560 814 Et
576 774 689 816 haec
711 773 768 815 de
785 779 1015 816 conventu
1038 778 1315 827 augustano.

239 857 357 900 Cum
380 862 531 899 autem
555 863 713 911 postea
735 854 975 898 cardinalis
998 854 1335 897 Granvellanus
1354 852 1564 896 rescisset
1582 851 1794 895 comitem

147 939 397 997 palatinum
421 954 525 982 curn
550 939 790 983 Theodoro
816 939 952 990 Beza,
979 937 1259 980 calvinianae
1284 935 1485 979 haeresis
1517 937 1651 988 duce,
1682 949 1794 977 con-

149 1022 430 1073 venticulum
455 1023 683 1077 quoddam
707 1021 943 1064 Erfordiae
966 1036 1133 1077 cogere
1156 1019 1381 1071 meditari,
1407 1019 1452 1061 id
1474 1018 1696 1074 impedire
1712 1033 1795 1060 vo-

150 1107 265 1160 lens,
291 1107 348 1148 ad
371 1105 585 1161 Borgiam
609 1104 836 1161 confugit,
863 1104 940 1160 qui
958 1119 1038 1161 per
1055 1104 1263 1147 Natalem
1283 1110 1327 1147 et
1345 1101 1581 1146 Canisium
1598 1100 1794 1144 haereti-

152 1204 309 1233 corum
330 1196 524 1232 conatus
543 1189 748 1232 frustrari
770 1188 939 1245 satagit
962 1189 1196 1244 (232—234,
1219 1199 1321 1242 273,
1349 1198 1452 1240 274,
1473 1186 1589 1241 286).
1612 1184 1698 1228 His
1713 1199 1797 1240 pro

150 1273 370 1329 religione
406 1272 637 1315 laboribus
674 1273 798 1315 haud
820 1278 1064 1315 contentus
1092 1278 1280 1314 sanctus
1302 1272 1337 1313 F
1342 1269 1575 1313 ranciscus
1606 1268 1792 1324 Borgia,

149 1371 317 1413 magno
334 1356 536 1400 subsidio
553 1355 800 1400 catholicae
818 1355 939 1409 fidei,
959 1363 1054 1398 tum
1067 1355 1185 1398 inter
1195 1353 1451 1399 haereticos
1470 1354 1682 1407 tuendae,
1697 1360 1792 1396 tum

148 1441 203 1482 ad
226 1455 434 1496 paganos
455 1440 795 1496 propagandae,
821 1442 1027 1482 futurum
1055 1438 1348 1491 existimavit,
1375 1438 1413 1481 si
1441 1452 1648 1481 summus
1678 1451 1795 1493 pon-

148 1522 258 1565 tifex
279 1522 686 1579 congregationem
710 1522 1006 1565 cardinalium
1028 1522 1304 1575 institueret,
1336 1535 1531 1578 quorum
1562 1520 1725 1563 studiis
1749 1527 1796 1563 et

149 1605 381 1649 laboribus
403 1605 449 1648 in
474 1621 614 1648 unum
633 1605 1016 1662 conspirantibus,
1036 1605 1194 1661 majori
1212 1604 1258 1647 in
1276 1604 1373 1648 dies
1391 1604 1624 1648 alacritate
1641 1604 1795 1647 lumen

152 1688 356 1732 veritatis
376 1689 422 1731 in
452 1689 664 1746 regiones
693 1691 841 1732 adhuc
881 1689 1080 1732 tenebris
1112 1697 1159 1734 et
1182 1690 1344 1732 umbra
1381 1688 1539 1731 mortis
1567 1687 1799 1730 involutas

151 1772 458 1815 inveheretur.
486 1773 583 1816 Nec
606 1787 733 1828 spem
753 1773 911 1817 fefellit
934 1781 1144 1827 eventuS,
1170 1788 1275 1816 nam
1294 1771 1491 1828 Borgiae
1514 1769 1795 1827 propositum

152 1861 337 1898 sanctus
361 1855 470 1898 Pius
488 1857 529 1899 V
552 1857 772 1899 ambabus
790 1856 908 1899 ulnis
927 1857 1228 1912 amplexatus,
1248 1854 1348 1898 illas
1366 1853 1664 1898 cardinalium
1682 1868 1798 1896 con-

154 1938 454 1994 gregationes
491 1938 708 1992 instituit,
756 1954 874 1995 quae
911 1939 1188 1982 incunabula
1230 1938 1566 1994 quodammodo
1611 1939 1799 1980 fuerunt

155 2020 276 2064 illius
299 2021 515 2078 egregiae
537 2022 908 2078 congregationis
925 2024 982 2067 de
1004 2023 1301 2079 propaganda
1329 2022 1435 2075 fide,
1467 2036 1604 2077 quam
1632 2020 1799 2064 deinde

152 2104 408 2161 Gregorius
432 2106 519 2148 XV
540 2105 719 2161 plenius
742 2120 793 2149 ac
817 2106 1066 2162 perfectius
1090 2106 1285 2149 instituit
1309 2107 1378 2163 (62
1385 2115 1427 2160 5,
1453 2106 1570 2161 626).

243 2362 353 2398 2.²‘¹⁷²
385 2356 619 2400 Societatis
652 2360 946 2411 incrementa,
970 2363 1009 2401 et
1041 2359 1499 2414 operm—Quantum
1528 2372 1638 2402 vero
1676 2357 1797 2400 Ger-

153 2438 318 2491 mania,
345 2440 571 2492 Flandria,
604 2441 770 2494 Gallia,
799 2441 1002 2494 Polonia,
1028 2442 1227 2486 debeant
1255 2441 1472 2487 Societati
1494 2444 1623 2499 JeSU,
1650 2455 1796 2496 quan—

153 2528 249 2565 tum
271 2523 370 2578 ejus
399 2524 656 2580 praeposito
685 2526 720 2568 F
724 2525 928 2568 rancisco
959 2525 1170 2582 Borgiae,
1198 2533 1419 2581 quantum
1450 2525 1631 2581 utrique
1656 2524 1796 2568 Cani—

147 2603 230 2657 sio,
256 2605 425 2660 Natali,
446 2607 661 2660 Polanco,
682 2608 899 2651 cardinali
918 2609 1082 2652 Ottoni
1100 2610 1157 2653 de
1176 2610 1446 2660 Truchsess,
1467 2608 1658 2664 aliisque
1676 2607 1797 2649 illius

146 2688 308 2731 aetatis
330 2689 589 2734 clarissimis
610 2691 741 2744 viris,
768 2692 955 2736 mirifice
986 2692 1033 2735 in
1061 2692 1132 2735 his
1162 2692 1366 2749 epistolis
1389 2692 1685 2748 conspicitur3
1713 2691 1795 2734 sed

142 2784 248 2813 cum
270 2771 548 2828 impossibile
570 2773 628 2817 sit
650 2774 696 2817 in
718 2776 806 2818 hac
830 2775 1112 2831 praefatione
1136 2783 1305 2819 cuncta
1329 2775 1556 2831 persequi,
1590 2774 1794 2818 breviter

148 2854 466 2899 annotabimus
488 2858 722 2910 nonnulla,
743 2872 861 2913 quae
883 2858 929 2901 in
953 2860 1042 2902 hoc
1065 2859 1297 2903 volumine
1320 2858 1629 2903 continentur.

239 2937 393 2993 thue
415 2953 471 2981 ex
494 2941 683 2984 BORGIA
706 2941 884 2984 initium
909 2942 1144 2995 faciamus,
1171 2957 1228 2985 en
1261 2942 1428 2997 quibus
1451 2941 1546 2997 ipse
1576 2939 1794 2983 suavissi-

154 3019 240 3062 mis
257 3021 423 3074 verbis,
437 3023 603 3066 amoris
622 3039 734 3080 erga
745 3025 1039 3069 Germaniam
1058 3041 1191 3069 sensa
1208 3025 1358 3069 Natali
1377 3025 1537 3081 aperit:
1558 3043 1574 3064 a
1588 3059 1595 3067 .
1608 3059 1635 3067 ..
1656 3026 1791 3078 Sepa,
