2101 3348
1065 504 1118 539 111

905 599 1068 635 INDEX
1097 601 1276 637 RERUM

776 703 1060 731 PERSONARUM
1090 705 1142 732 ET
1168 706 1368 736 LOCORUM
1395 701 1405 721 ¹

642 828 689 867 A

276 919 459 962 Abraam,
479 917 665 962 novitius,
686 917 726 952 S.
747 917 801 963 J.,
820 925 902 962 255,
924 926 1005 962 272.

278 979 398 1014 Absol
407 978 485 1013 utio
499 978 548 1013 ab
556 977 723 1023 haeresi,
733 987 769 1023 9,
785 976 866 1022 348,
878 977 960 1024 349,
972 977 1054 1022 375,

323 1047 409 1085 4οῙ,
427 1046 511 1086 779,
531 1037 619 1083 786·

278 1098 522 1143 Abstemius,
542 1098 728 1143 joannes,
748 1098 787 1133 S.
809 1098 862 1143 J.,
878 1097 960 1132 261.

278 1156 407 1191 Abula
430 1156 595 1202 (Avila),
619 1156 703 1204 656,
731 1155 814 1200 8323
835 1156 1056 1203 episeopus,

325 1228 364 1254 v.
385 1216 523 1251 Alaba.

279 1275 465 1310 Acebedo
496 1280 536 1310 et
553 1275 720 1322 Zufiiga,
746 1275 969 1323 Alphonsus
994 1275 1057 1320 de,

324 1333 418 1369 alias
435 1334 658 1380 Alphonsus
667 1333 715 1369 de
726 1334 899 1370 Fonseca
909 1340 948 1370 et
961 1335 1060 1369 Aee-

327 1393 439 1440 bedo,
457 1393 600 1429 Comes
614 1394 667 1428 III
679 1393 728 1429 de
743 1395 962 1441 Monterey,
976 1393 1060 1438 838,

328 1454 411 1501 839,
427 1454 509 1499 841.

282 1514 482 1559 Acevedo,
494 1514 589 1550 alias
604 1514 806 1559 Azevedo,
825 1515 869 1550 B.
887 1515 930 1551 P.
947 1515 1062 1561 Igna-

326 1575 404 1610 tius
439 1574 508 1621 de,
545 1575 585 1610 S.
618 1576 672 1622 J.,
708 1575 888 1610 Natalem
915 1575 1061 1623 laudat,

326 1634 411 1682 828,
442 1635 530 1681 8293
566 1633 650 1681 ejus
682 1635 835 1670 labores
866 1634 905 1670 in
938 1634 1063 1669 Brasi-

329 1694 396 1743 lia,
415 1694 499 1740 530.

281 1755 470 1800 Achilles,
501 1756 544 1791 P.
577 1756 722 1791 Paulus
736 1755 798 1800 de,
832 1755 872 1791 S.
906 1756 963 1802 J.,
996 1756 1064 1790 Pa-

327 1816 466 1862 normi,
487 1824 575 1861 552.

281 1876 437 1923 Aeosta,
475 1877 519 1911 P.
539 1876 712 1912 Didacus
743 1875 805 1917 de,
839 1876 878 1912 S.
901 1877 954 1922 J.,
988 1876 1065 1911 An-

327 1935 517 1982 tverpiam
533 1935 714 1979 mittitur,
743 1943 808 1980 541
827 1962 836 1980 ,
865 1934 949 1979 546,
981 1943 1065 1979 550,

329 2004 412 2041 554,
438 2003 526 2041 557,
553 1995 635 2040 560,
662 1994 744 2041 568,
771 1994 854 2040 569,
877 2003 960 2040 571,
983 1994 1067 2039 576,

330 2056 412 2101 582,
431 2056 513 2099 586,
534 2064 617 2100 591,
650 2054 733 2103 593,
749 2056 831 2099 596,
863 2054 949 2101 632,
980 2054 1063 2099 649.

283 2115 470 2160 Adamus,
491 2115 537 2151 S.
562 2116 616 2161 J.,
636 2126 677 2151 v.
708 2115 875 2160 Anglus.

284 2174 494 2221 Adjutores
519 2175 741 2221 spirituales
767 2174 807 2208 S.
835 2175 888 2220 J.,
909 2173 947 2209 in
972 2173 1067 2209 Ger-

331 2233 459 2269 mania
476 2233 649 2280 creandi,
670 2233 753 2279 358.

286 2293 872 2341 Adler,Jonas,Monaehii,1663
891 2305 928 2328 v.
945 2300 1067 2338 97-99.

286 2354 457 2399 Adorno,
484 2354 526 2390 Ρ.
555 2353 801 2397 Franciseus,
834 2353 875 2388 S.
909 2354 963 2399 J.,
984 2364 1069 2399 pro-

332 2413 509 2449 vincialis
526 2413 838 2459 Longobardiae,
863 2412 949 2458 748,
975 2420 1064 2456 751.

287 2473 447 2509 Adriani
462 2472 794 2519 (Adriae'nssens),
804 2473 847 2507 P.
861 2471 1069 2517 Adrianus,

335 2533 379 2569 S.
416 2533 471 2578 J.,
501 2544 522 2567 a
555 2531 746 2578 regimine
780 2531 936 2576 collegii
967 2532 1071 2566 lova-

336 2592 484 2628 niensis
504 2590 759 2637 amovendus,
779 2590 863 2635 488,
880 2598 962 2634 504.

291 2651 494 2688 Aerarium
523 2650 718 2697 pontificis
749 2648 896 2684 romani
929 2650 1069 2684 exhau-

337 2716 455 2759 stum,
479 2710 558 2756 158.

289 2770 519 2818 Aethiopia,
549 2769 763 2806 catholicae
793 2768 974 2815 religioni
1008 2768 1071 2804 ad-

337 2843 462 2876 versa,
485 2829 566 2877 530.

1129 799 1262 836 Africa
1296 813 1316 835 a
1351 801 1466 836 sociis
1501 800 1712 844 excolitur,
1739 798 1828 844 4133
1861 810 1901 833 v,

1178 859 1359 895 Icosium.

1130 918 1322 966 Agnetus,
1345 919 1544 967 magister,
1564 918 1609 953 S.
1635 919 1687 964 J.,
1708 926 1794 962 495.

1130 978 1254 1014 Alaba
1269 984 1308 1014 et
1326 979 1527 1026 Esquivel,
1547 978 1718 1014 Didacus
1743 977 1807 1021 de,
1833 976 1911 1023 epi-

1177 1050 1317 1085 scopus
1337 1039 1505 1082 Abulae,
1525 1037 1611 1082 835.

1131 1097 1309 1144 Alaejos,
1340 1098 1520 1133 dominus
1546 1097 1615 1143 de,
1646 1109 1688 1132 v.
1722 1097 1907 1138 Fonseea,

1178 1158 1407 1193 Franciseus
1422 1157 1483 1193 de.

1133 1217 1247 1263 Alba,
1267 1217 1422 1253 ducissa
1441 1217 1557 1252 vidua
1585 1216 1647 1262 de,
1674 1228 1711 1251 v.
1734 1216 1849 1251 Falco
1873 1220 1913 1250 et

1180 1276 1332 1321 Osori0‚
1355 1276 1617 1321 Maria3—dux
1636 1275 1698 1322 de,
1725 1287 1762 1311 v.
1790 1275 1910 1310 Alva—

1180 1348 1245 1372 rez
1264 1337 1312 1372 de
1333 1336 1494 1373 Toledo.

1135 1397 1322 1432 Albertus
1341 1397 1390 1441 V,
1409 1396 1488 1432 dux
1506 1396 1705 1442 Bavariae,
1728 1397 1913 1431 lectorem

1182 1456 1402 1502 theologiae
1423 1456 1616 1491 Monaehii
1640 1455 1851 1500 desiderat,
1877 1463 1912 1500 7;

1183 1517 1346 1552 Hoffaeo
1364 1516 1550 1563 quosdam
1571 1520 1757 1551 tractatus
1772 1514 1916 1550 seribe-

1183 1587 1224 1610 re
1240 1575 1499 1617 commendat,
1525 1575 1560 1619 8,
1587 1574 1767 1620 regimini
1787 1573 1916 1609 Socier

1185 1635 1275 1670 tatis
1295 1646 1383 1670 sese
1402 1634 1610 1679 immiscet,
1634 1635 1714 1680 167,
1733 1634 1811 1675 181,
1833 1633 1915 1677 216,

1185 1703 1269 1739 241,
1284 1703 1365 1740 294,
1383 1693 1565 1740 episcopo
1580 1698 1797 1739 augustano
1811 1692 1900 1727 fave

1185 1765 1226 1789 re
1250 1753 1392 1789 dicitur
1419 1752 1457 1787 in
1482 1752 1749 1788 controversia
1773 1752 1821 1787 de
1842 1751 1920 1787 foe-

1185 1824 1294 1858 nore,
1325 1820 1408 1859 7123
1442 1812 1591 1847 Natalis
1622 1812 1696 1858 ipsi
1729 1823 1749 1846 a
1781 1811 1922 1857 Borgia

1185 1872 1493 1918 commendatur,
1513 1880 1596 1916 755;
1614 1884 1651 1906 v.
1673 1880 1709 1919 7,
1724 1871 1761 1917 8,
1783 1881 1840 1918 29,
1861 1870 1921 1917 31,

1186 1932 1246 1978 34,
1266 1931 1401 1978 41,65,
1427 1940 1506 1977 122,
1530 1931 1611 1977 123,
1635 1931 1714 1979 136,
1738 1939 1818 1977 157,
1842 1931 1921 1976 164,

1191 1992 1271 2037 166,
1290 1990 1372 2035 233,
1394 1990 1477 2037 363,
1498 1990 1581 2036 403,
1599 1991 1681 2036 845.

1141 2052 1343 2093 Albertus,
1365 2050 1566 2096 magister,
1584 2052 1623 2087 S.
1646 2053 1698 2099 J.,
1720 2059 1800 2096 227.

1142 2112 1463 2158 Alburquerque,
1491 2111 1569 2146 dux
1599 2111 1669 2157 de,
1702 2123 1738 2147 V.
1772 2112 1923 2157 Cueva,

1189 2172 1351 2208 Gabriel
1370 2170 1418 2206 de
1438 2173 1486 2207 la.

1144 2232 1322 2278 AlcaraZ,
1352 2236 1398 2270 P.
1431 2231 1702 2278 Ferdinandis,
1727 2231 1767 2266 S.
1790 2232 1843 2277 J.,
1868 2230 1925 2265 Si-

1190 2304 1258 2327 nas
1280 2294 1391 2340 petit,
1413 2292 1495 2337 530.

1144 2352 1320 2387 Aleiatus
1346 2352 1546 2397 (Alciato),
1575 2350 1820 2396 Franciseus,
1848 2362 1927 2385 car-

1190 2410 1346 2457 dinalis,
1365 2420 1448 2457 410,
1470 2410 1553 2455 482.

1144 2470 1461 2506 Aldobrandinus
1550 2470 1559 2514 (
1581 2469 1864 2505 Aldobrandini
1882 2470 1894 2514 )
1918 2497 1927 2515 ,

1191 2530 1378 2576 Joannes,
1397 2529 1618 2575 cardinalis,
1637 2538 1722 2575 412,
1741 2538 1823 2574 414.

1144 2589 1368 2625 Alexander
1386 2591 1454 2637 VI,
1476 2591 1518 2625 P.
1540 2591 1608 2636 M.,
1629 2590 1710 2635 548.

1146 2671 1187 2676 -
1204 2649 1243 2684 S.
1265 2650 1376 2695 J.,v.
1398 2650 1589 2693 Cololin03
1611 2649 1727 2685 Saxo.

1145 2709 1448 2755 Alexandrinus,
1473 2709 1694 2756 cardinalis,
1720 2720 1761 2746 v.
1789 2710 1928 2745 Bonel·

1193 2770 1266 2805 lus.

1146 2829 1345 2873 Almagro,
1366 2840 1403 2862 v.
1425 2827 1602 2864 Oretum.

327 3008 334 3028 ¹
358 3008 497 3036 Numeri
513 3007 657 3042 paginas
678 3004 845 3033 indmant.
863 3003 927 3032 Ubi
942 3008 1055 3032 autem
1069 3003 1206 3039 aliquod
1226 3010 1348 3031 nomen
1368 3002 1561 3031 iterandum
1584 3004 1743 3038 occurrit,
1762 3003 1925 3032 lineola-—

289 3062 350 3090 pro
365 3056 497 3084 nomine
513 3054 708 3083 adhibetur.
726 3061 761 3081 v.
779 3052 951 3087 significat
968 3052 1065 3080 vide.
