2101 3348
391 209 460 253 814
977 204 1115 238 EPIST.
1143 202 1187 237 P.
1216 182 1367 238 NADAi„

344 308 506 365 spondi
538 314 690 352 autem
721 305 786 348 illi
814 304 958 348 serius
986 305 1106 347 hanc
1138 302 1491 346 admonitionem
1524 303 1617 345 huc
1649 316 1748 346 esse
1781 302 1980 358 missam,

345 367 558 424 dispersis
581 367 679 422 ejus
704 364 860 408 excusi
884 362 1032 420 operis
1054 377 1147 406 non
1169 362 1327 418 paucis
1350 360 1700 417 exemplaribus,
1725 361 1903 406 Deinde
1925 364 1982 406 ad

344 429 398 472 P.
423 427 630 470 Natalem
655 425 852 468 rationes
875 423 1147 478 complureS,
1175 429 1219 466 et
1241 435 1423 477 graves,
1449 427 1499 463 ut
1521 428 1750 476 putamus,
1781 422 1980 477 perlatae

341 493 468 539 sunt,
494 486 552 529 ob
576 500 688 541 quas
710 499 800 526 non
826 482 1035 538 expediat
1057 481 1277 537 scriptum
1299 480 1411 523 illud
1433 481 1491 523 de
1515 478 1735 522 sacrificio
1756 479 1803 522 in·
1831 481 1979 526 lucem
2016 478 2018 480 ’

344 546 539 603 prodire,
566 544 652 588 nisi
674 543 828 587 multis
850 542 897 585 in
918 541 1030 585 locis
1052 547 1283 584 retexatur
1306 547 1442 595 atque
1464 546 1721 583 mutetur...

1066 691 1258 733 LXXIV

891 787 936 820 B.
965 784 1168 820 PETRUS
1197 783 1445 820 CANISIUS

630 884 839 914 OTTONI
890 882 1218 912 TRUCHSESS
1266 882 1334 912 DE
1382 880 1696 911 WALDBURG

769 966 1028 1020 Augustae,
1060 976 1076 1006 Ι
1103 962 1370 1006 Decembris
1399 963 1509 1019 1569
1535 963 1565 1006 ¹.

652 1054 816 1089 Librum
835 1053 1006 1088 doctoris
1030 1052 1173 1087 Torres
1191 1052 1240 1086 P.
1261 1050 1404 1086 Natali
1422 1051 1531 1085 mitti
1548 1052 1682 1085 curat.

510 1123 726 1178 Joannes,
754 1119 829 1174 qui
853 1132 1012 1162 recens
1034 1117 1143 1160 hinc
1166 1131 1256 1159 una
1279 1131 1382 1159 cum
1407 1115 1578 1170 Majore
1607 1115 1830 1168 discessit,
1866 1115 1982 1158 inter

345 1181 458 1225 alios
479 1181 618 1223 libros
641 1180 812 1222 adferet
836 1177 1180 1221 Confessionem
1202 1183 1520 1231 augustanam,
1557 1175 1722 1217 librum
1750 1174 1977 1230 Turriani,

344 1248 393 1285 et
415 1241 529 1284 duos
553 1241 608 1284 de
632 1238 871 1282 haereticis
893 1237 1104 1280 omnibus
1127 1235 1287 1280 editos.
1315 1236 1524 1278 Alterum
1554 1237 1719 1277 horum
1749 1234 1875 1277 reddi
1898 1249 1980 1278 cu-

347 1301 421 1357 pio
444 1302 497 1344 P.
524 1299 806 1354 Hieronymo
828 1296 996 1350 Natali,
1022 1295 1099 1352 qui
1121 1296 1259 1339 semel
1284 1302 1329 1338 et
1347 1295 1510 1338 iterum
1528 1295 1617 1337 hoc
1632 1294 1776 1338 voluit
1794 1308 1908 1350 opus
1925 1294 1981 1337 ad

347 1375 398 1405 se
420 1368 591 1404 mltt1...

1087 1487 1259 1529 LXXV

540 1585 607 1619 EX
639 1582 879 1618 LITTERIS
917 1579 1118 1617 ANNUIS
1150 1581 1184 1615 A
1221 1581 1265 1615 Ρ.
1304 1580 1526 1625 JIMENEZ
1565 1579 1794 1616 SCRIPTIS

796 1668 983 1718 Romae,
1012 1678 1067 1719 3o
1083 1663 1348 1707 Decembris
1373 1675 1477 1718 1571
1507 1664 1540 1708 ².

563 1756 738 1801 Natalis,
754 1755 932 1790 vicarius
943 1753 1150 1801 generalis
1167 1753 1387 1799 Societatis,
1405 1753 1562 1800 Borgia
1582 1752 1756 1787 absente.

520 1852 573 1895 P.
614 1849 780 1900 Natali,
820 1848 1004 1899 vicario,
1031 1846 1203 1889 homini
1231 1846 1276 1888 id
1301 1846 1458 1890 aetatis
1482 1846 1602 1890 uires
1629 1845 1847 1888 diuinitus
1879 1844 1982 1889 addi

352 1910 583 1963 uidentur,
624 1910 685 1952 ita
722 1908 925 1951 studiose
946 1908 993 1950 in
1016 1906 1210 1962 negotiis
1239 1906 1451 1962 gerendis
1482 1905 1812 1961 Societatisque
1836 1904 1980 1947 adrni-

353 1970 619 2013 nistratione
641 1975 848 2012 versatus
866 1974 951 2021 est,
971 1975 1022 2009 ut
1040 1974 1191 2010 tamen
1214 1967 1269 2009 de
1290 1967 1426 2008 modo
1454 1965 1710 2009 adhibendo
1738 1981 1763 2008 a
1792 1978 1984 2021 praepo-

353 2030 439 2072 sito
477 2029 574 2084 ipso
607 2028 809 2084 generali
847 2041 951 2071 eum
988 2025 1218 2068 admoneri
1257 2025 1522 2081 oportuerit,
1560 2039 1833 2080 quamquam
1856 2023 1983 2066 initio

353 2089 552 2144 quidem,
595 2096 644 2130 ut
683 2086 979 2142 complurium
1002 2092 1345 2141 procuratorum
1378 2084 1581 2140 negotia,
1614 2098 1730 2139 quae
1751 2083 1856 2126 hinc
1880 2097 1984 2139 pro-

354 2163 517 2203 perans
546 2148 619 2191 ille
648 2146 934 2203 permiserat,
967 2145 1171 2188 celeriter
1200 2144 1536 2199 expedirentur,
1562 2158 1749 2187 necesse
1779 2142 1864 2184 fuit
1891 2143 1985 2185 ela—

353 2209 516 2249 borare
550 2209 858 2250 uehementer.
890 2206 930 2247 Is
953 2204 1076 2247 dedit
1106 2219 1287 2260 operam
1312 2211 1361 2245 ut
1390 2203 1538 2246 onmia
1569 2218 1701 2245 suum
1725 2209 1891 2245 statum
1917 2208 1985 2245 te-

355 2274 532 2318 nerent,
559 2266 711 2308 multis
734 2265 945 2309 uidelicet
967 2263 1218 2319 praeceptis
1241 2278 1366 2315 usus,
1388 2278 1503 2318 quae
1534 2263 1606 2305 ille
1633 2261 1923 2318 proficiscens
1944 2259 1984 2305 ei

355 2327 556 2370 dederat.
583 2327 738 2381 Itaque
761 2340 850 2366 non
875 2326 1043 2366 Romae
1062 2324 1206 2366 solum
1231 2329 1415 2378 totaque
1438 2322 1577 2374 Italia,
1605 2336 1763 2364 uerum
1787 2321 1921 2364 etiam
1938 2320 1983 2362 in

353 2385 566 2428 omnibus
589 2386 662 2428 uel
684 2384 875 2436 Galliae,
899 2384 972 2426 uel
993 2382 1265 2426 Germaniae
1287 2381 1531 2438 prouinciis
1554 2380 1773 2437 singulari
1796 2380 1882 2423 Dei
1903 2380 1984 2423 be-

354 2445 517 2488 neficio
539 2444 859 2499 percommode
881 2441 1254 2485 administrantur
1276 2441 1481 2485 omnia...

428 2586 437 2606 ¹
490 2587 547 2621 Ex
565 2585 785 2632 apographo
803 2583 953 2618 recenti
972 2583 1084 2619 nobis
1104 2583 1350 2620 transmisso.
1916 2630 1920 2634 ·

425 2647 438 2666 ”2
490 2646 547 2679 Ex
570 2644 666 2680 Cod.
696 2653 751 2689 31,
772 2643 904 2690 Epist.
930 2643 1091 2687 Italiae,
1111 2652 1219 2687 1571.
1244 2642 1344 2677 Vide
1363 2642 1482 2689 epist.
1507 2651 1590 2687 541,
1609 2654 1647 2677 n.
1672 2650 1704 2686 1;
1731 2639 1811 2687 543;
1841 2648 1922 2686 5473
1948 2643 1988 2675 et

355 2703 529 2751 append.
554 2703 730 2738 LXXVI.
1979 2719 1983 2725 -
