2101 3348
346 238 416 283 344
859 236 996 270 EP1ST.
1025 234 1069 268 P.
1098 233 1367 278 NADAL—457

294 353 405 381 uero
436 338 479 380 la
508 350 664 388 cuoca;
692 342 737 379 et
759 336 940 390 quando
979 340 1139 389 questo
1162 348 1256 376 non
1278 332 1316 376 si
1353 333 1552 376 concede
1588 332 1662 376 alli
1695 333 1921 390 oppidani,

292 416 389 457 loro
414 412 645 457 medesimi
683 411 884 469 pigliano
907 412 985 453 vn’
1021 410 1236 463 heretico,
1268 416 1314 453 et
1346 406 1632 454 confondeno
1664 410 1772 467 ogni
1800 425 1919 454 cosa.

292 491 467 545 Questo
490 491 514 532 e
537 504 598 532 vn
627 487 928 545 grandissimo
950 488 1083 541 male,
1121 488 1283 539 Padre,
1315 486 1361 529 in
1390 487 1660 543 Alamagna.
1687 488 1733 529 Io
1761 486 1922 530 diceuo

289 567 397 619 cosi,
427 566 588 617 Padre‚
615 565 946 608 ricordandomi
969 564 1013 607 di
1038 564 1186 620 quello
1219 565 1304 608 che
1328 564 1462 607 fanno
1491 563 1522 606 li
1554 563 1695 606 nostri
1716 564 1821 608 nell’
1846 565 1921 606 In-

286 643 374 695 dia,
402 658 450 687 se
472 644 561 687 ben
585 642 645 685 mi
668 642 862 685 ricordo:
889 645 934 684 vt
956 643 1348 698 coningerentur
1371 641 1485 683 duae
1507 641 1579 683 uel
1601 644 1704 694 tres,
1728 641 1798 683 uel
1812 642 1920 697 plu-

287 735 360 762 res
383 721 517 762 etiam
540 720 827 775 parrochiae,
858 727 902 764 et
932 720 974 762 13
998 734 1106 762 cura
1135 719 1191 762 de
1214 725 1330 762 tutte
1353 719 1501 774 quelle
1524 718 1611 760 fusi
1648 719 1753 761 data
1790 733 1815 761 a
1842 719 1919 760 vn'

286 798 407 840 buon
437 797 684 850 sacerdote,
718 804 762 841 et
791 798 997 853 probato,
1025 800 1063 838 et
1092 797 1141 838 in
1173 796 1287 851 fide,
1313 799 1352 837 et
1376 797 1425 838 in
1448 796 1664 848 moribus,
1690 802 1735 839 et
1764 803 1923 851 questo

286 873 443 917 andasi
460 873 829 918 continuamente
847 889 926 930 per
944 880 1103 928 queste
1118 872 1354 929 parrochie
1372 872 1564 915 dicendo
1587 887 1734 915 messa
1757 880 1802 915 et
1818 887 1924 929 pre-

285 951 492 1005 dicando,
517 953 631 994 hora
654 952 757 994 nell’
785 965 890 1004 una,
916 953 1026 993 hora
1049 951 1154 994 nell'
1181 950 1308 1002 altra,
1335 949 1554 993 sentendo
1577 949 1712 994 etiam
1742 950 1925 993 confes-

285 1027 414 1080 sioni,
441 1035 485 1071 et
508 1028 803 1072 ministrando
826 1028 856 1070 il
873 1027 1128 1071 santissimo
1151 1033 1450 1079 sacramento;
1465 1033 1509 1069 et
1527 1027 1611 1069 che
1628 1025 1674 1069 in
1691 1026 1800 1083 ogni
1817 1041 1922 1082 par-

284 1105 436 1148 rochia
460 1105 547 1148 fusi
569 1105 791 1148 instituito
813 1108 888 1147 vn’
914 1094 1080 1148 huomo
1103 1104 1265 1149 clerico
1288 1103 1566 1160 congiugato
1595 1118 1730 1147 senza
1763 1103 1919 1146 ordine

285 1182 464 1235 nisuno,
487 1183 557 1225 uel
580 1184 629 1225 in
652 1183 919 1235 minoribus,
932 1183 1147 1239 probatae
1169 1183 1298 1234 vitae,
1317 1181 1556 1223 dummodo
1578 1196 1669 1223 non
1692 1181 1917 1237 bigamus,

285 1260 364 1315 qui
386 1263 622 1302 tonsuram
645 1264 685 1302 el
708 1260 907 1302 habitum
937 1260 1187 1302 clericalem
1216 1260 1266 1301 in
1295 1259 1476 1301 ecclesia
1494 1262 1709 1315 gestaret,
1734 1258 1764 1300 il
1787 1258 1918 1314 quale

285 1335 373 1378 fusi
395 1336 558 1379 idoneo
587 1352 666 1392 per
704 1338 753 1379 in
786 1352 893 1379 casa
916 1338 1193 1379 necessitatis
1222 1335 1466 1388 battezare,
1494 1342 1538 1379 et
1555 1335 1809 1391 insegnassi
1832 1342 1852 1362 a
1877 1336 1921 1378 13

285 1413 486 1457 dottrina
524 1413 782 1466 christiana,
818 1414 1078 1458 dechiarare
1116 1413 1250 1457 etiam
1277 1414 1306 1455 l'
1346 1412 1586 1469 euangelio
1618 1420 1844 1464 currente,
1877 1419 1922 1456 61

285 1489 398 1533 fussi
420 1490 440 1517 b
467 1489 688 1533 instructo
707 1506 768 1533 un
791 1505 906 1546 poco
922 1490 968 1533 in
987 1490 1312 1544 controuersie,
1334 1490 1362 1531 il
1381 1491 1513 1545 quale
1532 1489 1619 1532 fusi
1638 1504 1765 1534 come
1784 1491 1922 1533 coad-

285 1566 431 1610 iutore
454 1581 480 1609 o
504 1567 707 1610 ministro
731 1569 802 1610 del
832 1569 1068 1624 parrocho,
1104 1574 1149 1610 et
1181 1568 1298 1610 nella
1321 1566 1526 1609 absentia
1550 1580 1631 1608 sua
1647 1570 1797 1621 posset
1819 1581 1924 1609 con-

286 1645 431 1686 tinere
447 1644 619 1700 plebem
641 1645 690 1686 in
713 1645 858 1700 officio
872 1645 1001 1700 fidei,
1025 1645 1311 1696 obedientiae,
1335 1648 1375 1686 et
1396 1644 1579 1685 vnionz's
1601 1643 1855 1696 catholicae,
1879 1651 1924 1687 et

285 1737 310 1764 a
332 1728 494 1776 questo
519 1721 606 1763 fusi
629 1721 861 1777 assignato
886 1737 946 1764 vn
970 1722 1107 1764 buon'
1133 1721 1373 1777 stipendio,
1395 1721 1607 1763 accioche
1629 1720 1665 1763 si
1683 1727 1922 1776 puotesero

286 1804 466 1841 trouare
488 1811 680 1853 persone
702 1797 960 1842 sufficienti.
988 1799 1044 1840 Et
1066 1812 1157 1841 non
1186 1813 1292 1854 pare
1315 1799 1399 1842 che
1428 1797 1544 1840 saria
1572 1797 1923 1841 inconueniente

284 1881 444 1930 questo
467 1873 513 1916 in
537 1880 696 1930 questa
718 1873 917 1918 necesita
946 1882 1147 1918 extrema
1170 1875 1215 1917 di
1244 1874 1505 1928 Germania3
1531 1875 1696 1930 perche
1726 1876 1922 1917 hauemo

286 1951 314 1992 l’
340 1950 562 2007 essempio
586 1952 658 1993 nel
682 1951 874 1994 concilio
912 1951 1158 1996 tridentino
1198 1964 1268 2007 23.
1311 1953 1434 1996 Sess.
1470 1953 1541 1994 De
1579 1953 1924 2010 refownatione,

286 2028 393 2083 Cap.
427 2039 493 2081 17,
519 2029 604 2070 che
626 2027 663 2071 si
702 2029 900 2072 concede
938 2029 997 2070 ad
1035 2030 1350 2071 ministerium
1373 2029 1862 2080 ordinummiuormn,
1886 2029 1927 2070 si

287 2104 466 2146 coelibes
484 2105 637 2147 clerici
653 2105 879 2161 deficiant,
900 2110 948 2148 ut
965 2106 1269 2148 adhibeantur
1281 2106 1557 2158 huiusmodi,
1573 2113 1659 2149 etc.
1681 2107 1737 2148 Et
1756 2113 1926 2161 quanto

286 2180 361 2224 alli
380 2180 613 2236 ministerij
634 2184 718 2226 che
737 2197 826 2225 non
846 2184 936 2239 puo
955 2183 1209 2227 ministrare
1226 2198 1274 2228 se
1298 2198 1386 2226 non
1411 2184 1660 2235 sacerdote,
1683 2183 1926 2227 necessarii

288 2258 348 2299 ad
375 2258 566 2300 salutem
604 2260 884 2314 simpliciter,
923 2275 1030 2315 pare
1069 2262 1153 2304 che
1186 2275 1278 2303 non
1316 2260 1357 2303 ci
1395 2260 1459 2304 sia
1494 2260 1726 2312 difficolta3
1758 2261 1924 2315 perche

289 2340 458 2388 quanto
482 2334 522 2376 al
545 2335 789 2378 confessar’
816 2344 860 2380 et
883 2337 978 2380 dar'
1003 2337 1033 2379 il
1056 2337 1314 2380 santissimo
1337 2344 1636 2390 sacramento,
1657 2336 1687 2378 il
1710 2338 1794 2379 che
1816 2336 1854 2379 si
1878 2337 1921 2380 fa

290 2409 336 2453 in
359 2417 476 2452 tutta
493 2411 535 2453 13
553 2412 913 2468 quadragesima,
935 2414 1069 2458 etiam
1088 2429 1168 2470 per
1185 2414 1515 2458 consuetudine
1532 2414 1579 2456 in
1596 2415 1735 2457 molte
1753 2414 1917 2465 bande,

290 2501 338 2530 se
362 2487 466 2542 quel
503 2490 722 2542 parrocho
745 2504 837 2532 non
859 2498 1047 2546 puotese
1070 2492 1264 2535 satisfar’
1291 2507 1316 2534 a
1351 2491 1456 2534 tutti
1478 2491 1509 2533 li
1529 2491 1637 2548 pagi
1664 2490 1710 2533 in
1741 2497 1857 2533 tutta
1878 2490 1921 2532 13

289 2563 651 2619 quadragesima,
678 2565 935 2610 facilmente
958 2568 1051 2611 Sua
1075 2569 1170 2612 Sta.
1197 2569 1450 2625 puotrebbe
1482 2568 1742 2624 dispensare
1764 2569 1848 2610 che
1876 2566 1922 2608 in

290 2640 404 2682 altro
428 2647 577 2696 tempo
599 2641 767 2684 bastasi
796 2642 1050 2688 ministrare
1088 2645 1234 2701 questi
1262 2645 1381 2688 santi
1418 2644 1703 2688 sacramenti.
1737 2645 1925 2699 Quanto

290 2717 375 2759 alla
397 2730 543 2759 messa
565 2717 595 2759 li
617 2717 765 2773 giorni
788 2718 831 2761 di
852 2720 980 2773 festa,
1006 2728 1114 2775 etc.‚
1141 2722 1212 2764 vbi
1230 2737 1321 2764 non
1338 2726 1402 2764 est
1418 2723 1556 2777 copia,
1579 2721 1706 2763 omni
1722 2721 1927 2777 diligen—

292 2794 355 2836 tia
371 2794 505 2851 facta
527 2795 745 2837 audiendi
762 2797 964 2849 missam,
989 2812 1080 2840 ozon
1097 2799 1361 2855 obligantur
1383 2799 1442 2841 ad
1452 2801 1699 2855 peccatum,
1717 2805 1762 2841 et
1779 2796 1816 2840 si
1833 2798 1923 2853 puo

292 2870 532 2926 agionger’
557 2872 640 2914 che
664 2872 826 2914 audire
848 2874 1038 2916 missam
1061 2889 1150 2917 non
1169 2879 1233 2917 est
1257 2877 1378 2918 iuris
1406 2876 1560 2918 diuini
1580 2875 1859 2931 simpliciter,
1877 2880 1922 2917 et

363 2984 384 3004 a
422 2973 680 3012 Emenda'tum
711 2977 860 3013 Natalis
886 2990 1001 3014 manu
1026 2991 1073 3014 ex
1098 2981 1408 3027 insegnare.—b
1423 2982 1508 3016 Hoc
1532 2982 1644 3017 verb.
1670 2991 1784 3026 supra
1808 2990 1916 3014 vers.

292 3035 442 3072 addidit
459 3035 513 3071 N.
