2101 3348
851 233 896 269 28
922 234 1023 277 MAJI
1052 234 1143 280 1576
1697 245 1767 282 717

174 336 375 380 uinciam
398 343 677 393 procurator.
706 338 877 380 Verum
894 343 1133 392 postquam
1152 351 1254 381 meo
1277 337 1443 381 iudicio
1461 337 1663 393 permisit
1680 340 1731 382 P.
1756 340 1813 382 T.

177 413 438 467 editionem,
464 413 718 458 existimaui
742 427 876 469 opere
898 412 1092 468 pretium
1118 414 1234 466 fore,
1260 414 1298 456 si
1321 415 1442 470 quod
1470 429 1557 471 ego
1586 414 1633 457 in
1664 416 1815 459 animo

178 491 325 535 habeo
347 491 405 534 sit
427 491 507 533 tibi
529 492 823 547 exploratum.
851 490 1004 534 Primo
1025 490 1164 547 igitur
1180 493 1280 534 loco
1302 507 1394 535 non
1412 506 1576 535 censeo
1594 507 1694 536 esse
1715 493 1821 536 illas

179 583 303 611 meas
326 568 672 624 imaginationes
694 568 1006 624 publicandas,
1032 569 1112 612 sed
1134 569 1366 612 habendas
1384 584 1464 625 pro
1482 569 1676 625 scriptis,
1699 584 1813 625 qua-

178 645 236 688 lia
268 646 409 687 multa
439 646 586 688 solent
622 645 780 688 haberi
817 645 863 687 in
901 645 1144 689 Societate'.
1178 647 1315 701 Quod
1346 646 1384 689 si
1414 647 1596 691 tandem
1619 646 1709 689 sint
1738 646 1817 690 illa

178 723 374 774 edenda,
400 721 462 765 ita
490 723 638 765 danda
666 722 816 776 omnia
845 722 1092 774 Harlemio,
1118 730 1164 765 et
1193 723 1356 778 quibus
1379 723 1474 779 ipse
1503 723 1611 766 velit
1640 724 1811 768 exami-

174 801 339 852 nanda,
364 806 414 842 vt
441 799 552 842 nihil
581 814 682 843 meo
712 799 878 842 iudicio
908 798 1203 854 relinquatur,
1230 799 1327 843 siue
1351 801 1671 856 supprimenda
1699 801 1809 853 sint,

172 877 270 921 siue
294 877 592 930 emendanda,
617 883 666 919 vt
688 877 821 932 plane
845 875 955 918 nihil
978 875 1210 919 incumbat
1232 876 1277 919 in
1296 892 1382 930 me3
1404 878 1590 933 perinde
1613 884 1749 933 atque
1772 878 1809 921 si

171 954 282 1015 nihil
311 954 487 997 illorum
522 969 674 998 meum
706 953 867 997 fuisset
893 968 1108 1009 vnquarn.
1141 954 1232 997 Sed
1263 956 1374 998 haec
1399 957 1635 998 hactenus.
1673 956 1810 998 Plura

173 1032 375 1075 fortassis
398 1046 532 1087 quam
557 1038 661 1074 tuae
683 1030 1005 1086 occupationes
1024 1031 1183 1073 ferant.
1205 1032 1416 1074 Christus
1433 1034 1568 1089 Jesus
1586 1031 1812 1075 Dominus

175 1117 219 1152 et
241 1111 366 1152 Deus
386 1117 558 1162 noster,
585 1115 737 1152 seruet
766 1107 896 1150 nobis
924 1108 1197 1150 incolumem
1224 1109 1551 1153 paternitatem
1577 1111 1721 1152 Tuam
1754 1110 1812 1152 ad

176 1186 389 1231 maiorem
413 1186 602 1242 gloriam
621 1185 814 1228 nominis
832 1185 917 1228 sui.
941 1184 1090 1240 Cupio
1106 1192 1126 1211 a
1147 1199 1202 1228 ex
1220 1180 1355 1229 corde
1375 1173 1463 1228 tuis
1480 1186 1628 1230 missis
1645 1193 1689 1229 et
1708 1201 1807 1229 ora-

178 1263 377 1306 tionibus
399 1278 498 1307 esse
526 1263 882 1314 commendatus,
912 1264 1062 1314 Pater,
1096 1270 1140 1306 et
1164 1265 1216 1305 P.
1244 1262 1551 1307 assistentium
1579 1270 1624 1306 et
1656 1265 1708 1307 Ρ.
1735 1278 1811 1308 se-

175 1340 369 1384 cretarii.
397 1342 556 1392 Halae,
589 1353 639 1383 Io
662 1339 768 1383 Maii
798 1340 924 1394 1576.
953 1341 1004 1383 T.
1034 1341 1086 1382 P.
1114 1339 1237 1382 ΗΜΘ
1261 1354 1423 1382 seruus
1445 1340 1490 1381 in
1514 1342 1607 1392 X.⁰‚

1207 1424 1237 1479 *1-
1270 1424 1503 1467 NATALIS.
1541 1425 1571 1480 †

1356 1483 1385 1538 ἦ.

262 1575 506 1630 Inscripiz'o
535 1574 584 1615 in
615 1576 780 1628 quarta
802 1573 985 1628 pagina
1003 1587 1015 1613 .·
1044 1572 1074 1628 ἦ·
1097 1572 1356 1614 Admodum
1393 1572 1505 1614 Rdo.
1533 1571 1577 1614 in
1617 1572 1806 1616 Christo

174 1650 298 1694 Patri
322 1652 383 1694 N.
413 1653 464 1693 P.
488 1651 720 1694 Euerardo
743 1649 1045 1701 Mercuriano,
1066 1648 1323 1704 praeposito
1341 1648 1543 1704 generali
1567 1649 1813 1693 Societatis

168 1730 294 1785 Jesu.
316 1729 500 1771 Romae.
522 1728 628 1770 Alia
647 1742 804 1769 manu:
829 1727 954 1780 1576.
976 1726 1136 1769 Halae.
1160 1728 1210 1769 P.
1230 1726 1418 1769 Natalis.
1442 1739 1492 1769 Io
1511 1726 1631 1769 Maii.
1655 1728 1709 1769 Y.
1731 1727 1807 1769 Si-

168 1806 277 1862 gilli
298 1806 557 1862 vestigium.

925 1933 1051 1973 599

610 2021 660 2061 Ρ.
698 2018 1110 2062 HIERONYMUS
1145 2018 1363 2061 NADAL

493 2108 676 2142 PATRI
711 2105 1041 2143 EVERARDO
1078 2106 1485 2144 MERCURIANO

741 2193 899 2230 HALAE,
918 2184 962 2219 28
980 2192 1072 2226 MAJI
1094 2184 1184 2228 1576
1206 2186 1230 2218 ¹.

450 2263 508 2298 Ab
526 2262 774 2309 imaginibus
792 2262 954 2297 edendis
971 2261 1156 2296 animum
1175 2273 1214 2296 se
1233 2261 1416 2307 abjecisse
1435 2263 1511 2297 ait.

258 2348 288 2404 †
330 2349 459 2404 Jhus.
487 2347 747 2390 Admodum
771 2346 883 2389 Rde.
910 2345 955 2387 in
979 2345 1160 2389 Christo
1185 2347 1335 2388 Pater.
1364 2348 1458 2389 Pax
1482 2346 1666 2389 Christi.
1694 2349 1798 2390 Non

170 2424 235 2468 fui
253 2424 503 2480 scripturus
520 2426 606 2466 hoc
624 2437 794 2476 mense3
815 2422 974 2478 scripsi
992 2422 1111 2466 enim
1129 2436 1208 2478 per
1225 2431 1579 2478 procuratorem.
1600 2425 1691 2468 Sed
1707 2426 1798 2468 duo

168 2502 307 2545 verba
329 2501 492 2553 dicam,
519 2500 646 2556 quasi
664 2499 971 2556 paraphrasim
1000 2499 1283 2555 superiorum
1313 2500 1557 2544 literarum.
1586 2502 1799 2557 intelligo

166 2586 409 2622 venturum
433 2577 725 2620 visitatorem.
748 2577 816 2628 Ei,
843 2577 880 2620 si
898 2577 1050 2629 libeat,
1076 2577 1241 2632 poterit
1262 2578 1370 2621 dare
1393 2578 1634 2634 negocium
1660 2581 1711 2621 P.
1740 2580 1792 2621 T.

165 2657 222 2698 de
250 2655 389 2698 socio.
417 2657 533 2698 Nam
565 2654 601 2697 si
629 2655 691 2697 ita
719 2661 981 2710 perseuerat
1010 2668 1137 2697 meae
1166 2654 1439 2698 valetudinis
1463 2655 1714 2707 infirmitas,
1748 2662 1798 2696 vt

162 2734 386 2776 hactenus
408 2732 494 2775 iam
518 2731 671 2774 multis
694 2732 869 2783 diebus,
896 2731 1018 2774 socio
1040 2746 1133 2774 non
1155 2732 1317 2787 egebo.
1339 2732 1419 2776 Sin
1443 2733 1603 2776 melius
1627 2733 1793 2786 habeo,

162 2809 207 2851 id
230 2809 405 2852 curabit
427 2809 649 2861 visitator,
677 2808 938 2865 praesertim
961 2809 1147 2852 munitis
1171 2809 1260 2852 tuis
1282 2809 1421 2853 literis
1446 2811 1503 2852 P.
1532 2810 1586 2852 ad
1610 2809 1795 2865 prouin—

235 2960 255 2980 a
294 2962 314 2987 2
332 2953 452 2987 verba
470 2964 581 2999 seqq.
607 2964 722 2999 supra
739 2964 847 2988 vers.
872 2952 1020 2988 addidit
1038 2953 1091 2988 N.

240 3056 248 3074 ¹
301 3054 358 3088 Ex
377 3054 601 3100 archetypo,
621 3053 659 3089 in
678 3054 810 3100 Epist.
838 3053 1002 3098 Natal.,
1022 3055 1072 3098 II,
1092 3053 1237 3100 duplici
1256 3053 1344 3101 f01.‚
1367 3062 1432 3098 245
1453 3052 1565 3097 (173).
