2101 3348
368 230 439 275 736
883 224 1021 260 EpisT.
1049 221 1093 256 P.
1122 218 1391 256 NADAL—613

320 334 364 374 la
392 329 539 387 gratia
574 328 646 371 del
675 327 857 383 Signor.
898 324 976 369 Sia
1005 337 1088 366 suo
1112 329 1270 366 sancto
1298 335 1431 365 nome
1468 321 1713 374 benedetto
1737 321 1787 362 in
1808 318 1959 361 secula

321 412 523 451 aeterna.
557 407 625 448 En
662 405 705 446 la
743 402 945 446 oratione
967 408 1012 444 et
1035 400 1170 443 misse
1206 399 1324 443 della
1354 401 1406 441 P.
1434 399 1491 442 V.
1523 397 1569 440 di
1598 411 1735 440 cuore
1757 396 1818 438 mi
1838 395 1957 438 rico—

322 485 502 536 mando,
527 490 571 526 et
593 481 699 526 delli
722 479 857 524 Padri
879 477 1106 522 assistenti
1123 485 1168 521 et
1185 476 1441 520 secretario.
1461 476 1514 518 El
1531 474 1698 531 Signor
1721 471 1954 530 augmenti

319 575 495 617 sempre
518 560 564 602 in
587 561 644 603 V.
671 560 724 602 Ρ.
750 557 814 614 gli
836 556 902 600 soi
924 555 1069 599 sancti
1091 555 1198 598 doni
1219 570 1245 598 a
1266 553 1445 610 magior
1466 552 1612 609 gloria
1633 552 1677 595 di
1699 566 1781 594 sua
1798 549 1953 593 diuina

322 639 430 682 Mta.
458 644 502 681 et
519 651 634 693 gran
656 641 902 691 augmento
924 634 980 677 de
996 633 1039 675 la
1057 630 1354 688 Compagnia.
1376 632 1446 674 De
1478 630 1612 682 Hala,
1641 629 1694 672 28
1718 629 1774 672 de
1806 627 1951 671 Gian-

322 729 431 759 naro
452 725 579 768 1577.
605 714 663 756 D.
690 713 747 755 V.
775 712 826 754 P.
854 724 988 753 seruo
1017 709 1064 752 in
1091 708 1195 764 X.⁰,

1403 785 1434 842 ’ζ-
1467 786 1653 828 NADAL.
1689 785 1747 845 {-¹

411 868 657 924 Inscriptio
678 868 728 909 in
751 868 917 922 quarta
932 865 1129 921 pagina,
1147 864 1240 906 alia
1264 877 1422 905 manu:
1441 863 1470 919 †
1489 861 1750 905 Admodum
1774 861 1889 903 Rdo.
1911 859 1958 902 in

323 946 509 991 Christo
548 944 672 989 Patri
695 945 753 987 N.
780 945 833 986 P.
868 942 1101 986 Euerardo
1131 940 1435 994 Mercuriano,
1469 938 1724 995 praeposito
1756 936 1958 993 generali

322 1023 563 1070 Societatis
579 1024 706 1080 JeSU.
729 1023 917 1064 Romae.
944 1020 1050 1066 Alia
1074 1034 1231 1061 mama:
1275 1029 1402 1073 1577.
1435 1018 1568 1061 Hala.
1601 1019 1652 1060 P.
1686 1014 1876 1059 Natalis.
1903 1015 1959 1056 28

315 1100 537 1161 Januarii.
564 1099 723 1157 Sigilli
744 1098 1006 1155 vestigium.

1092 1244 1198 1282 (313

739 1326 782 1360 Ρ.
811 1323 1130 1360 EVERARDUS
1156 1302 1539 1359 MERCURIANUS

577 1405 823 1449 PATRI
876 1402 1373 1446 HIERONYMO
1427 1401 1704 1444 NADAL

825 1501 986 1538 ROMAE,
1006 1501 1050 1536 25
1068 1500 1293 1527 FEBRUARH
1314 1498 1403 1535 1577
1418 1490 1447 1525 ¹.

327 1575 383 1611 De
407 1574 570 1610 Natalis
594 1573 729 1608 reditu
752 1572 797 1606 in
815 1571 998 1605 Italiam:
1024 1571 1071 1604 de
1090 1568 1340 1616 imaginibus
1357 1567 1610 1608 excudendis,
1637 1569 1672 1602 et
1696 1566 1742 1601 de
1765 1566 1881 1606 socio,
1907 1577 1961 1599 an

707 1642 845 1666 sacrae
859 1629 1200 1677 poenitentiariae
1218 1631 1336 1675 aptus
1353 1630 1572 1662 censeatur.

412 1716 596 1761 Riceuei
619 1730 709 1758 vna
732 1714 777 1757 di
800 1715 857 1758 V.
884 1715 937 1756 R.
965 1713 1010 1755 di
1033 1713 1136 1768 xxxj
1162 1712 1206 1755 di
1223 1712 1495 1762 Decembre,
1517 1725 1595 1766 per
1613 1710 1656 1752 la
1674 1710 1805 1764 quale
1823 1708 1957 1752 intesi

321 1796 364 1837 la
387 1792 620 1849 diligentia
643 1793 714 1834 ch’
741 1793 799 1834 ha
820 1797 951 1833 vsato
974 1789 1019 1831 in
1043 1803 1210 1846 pagare
1233 1788 1262 1830 11
1287 1787 1452 1830 viatico
1474 1787 1548 1830 del
1576 1801 1659 1829 suo
1682 1799 1953 1841 compagno,

321 1886 346 1915 e
369 1871 519 1927 quello
541 1871 629 1913 che
649 1869 692 1913 le
715 1882 821 1925 pare
843 1868 917 1910 del
940 1866 1092 1910 debito
1122 1868 1193 1909 ch'
1219 1864 1461 1908 habbiamo
1489 1879 1570 1920 per
1598 1870 1733 1906 conto
1762 1862 1807 1904 di
1835 1861 1952 1914 libri,

321 1956 366 1992 et
388 1950 448 1990 m’
475 1946 657 1990 inchino
679 1946 721 1988 31
744 1959 826 1988 suo
849 1958 1024 2000 parere,
1045 1945 1129 1988 che
1152 1943 1263 1986 detti
1285 1941 1386 1984 libri
1407 1941 1576 1984 restino
1594 1940 1726 1992 costi,
1747 1939 1957 1995 pagando

322 2027 418 2068 loro
441 2024 592 2080 quello
614 2024 697 2066 che
720 2030 841 2066 resta
864 2022 920 2064 da
938 2020 1118 2077 pagarsi
1136 2035 1215 2076 per
1231 2019 1335 2072 essi,
1356 2033 1404 2062 se
1427 2019 1535 2075 pero
1558 2019 1613 2062 V.
1634 2019 1690 2060 R.
1712 2016 1841 2073 potra
1865 2017 1959 2060 fare

323 2117 461 2145 senza
482 2100 587 2154 essi;
613 2099 779 2156 perche
804 2098 1057 2142 ancorache
1081 2097 1222 2140 siamo
1246 2096 1321 2152 qui
1343 2097 1482 2138 molto
1505 2096 1593 2138 alla
1614 2101 1791 2147 stretta,
1811 2108 1903 2136 non
1919 2094 1960 2138 16

323 2178 553 2235 vogliamo
577 2178 687 2233 pero
711 2189 921 2219 mancare
943 2175 990 2217 in
1014 2189 1120 2218 cosa
1143 2176 1227 2217 che
1248 2175 1277 2216 l'
1303 2173 1469 2216 habbia
1486 2174 1543 2215 da
1565 2187 1688 2215 esser
1705 2171 1954 2213 commoda.

324 2257 362 2298 E
379 2255 473 2298 cosi
491 2256 547 2297 V.
571 2256 623 2297 R.
646 2254 857 2296 hauendo
876 2253 1214 2295 accommodate
1231 2252 1274 2295 16
1291 2265 1372 2294 sue
1390 2265 1510 2303 cose,
1531 2256 1575 2292 et
1592 2249 1732 2293 sendo
1749 2248 1792 2292 le
1809 2248 1959 2291 strade

324 2333 488 2385 sicure,
514 2330 576 2373 dil
599 2331 685 2374 che
709 2329 786 2386 qui
807 2344 973 2372 ancora
995 2330 1133 2371 molto
1155 2328 1193 2371 si
1215 2327 1418 2379 dubbita,
1443 2328 1571 2383 potra
1588 2340 1674 2369 con
1691 2326 1733 2368 13
1749 2324 1957 2369 benedit-

323 2409 446 2452 tione
468 2407 513 2450 di
535 2407 623 2450 Dio
646 2406 835 2463 pigliare
857 2407 900 2449 la
923 2407 1044 2449 volta
1072 2406 1117 2448 di
1141 2405 1349 2458 Venetia,
1375 2419 1401 2447 o
1424 2404 1607 2455 Μ113110,
1634 2417 1661 2445 0
1683 2404 1844 2454 Roma3
1871 2403 1955 2444 che

322 2487 366 2528 la
387 2486 629 2528 vederemo
653 2490 779 2526 tanto
801 2482 1043 2526 voluntieri
1067 2489 1238 2537 quanto
1261 2481 1526 2525 richiedono
1547 2480 1561 2522 i
1585 2479 1731 2522 meriti
1754 2478 1853 2521 suoi
1876 2494 1900 2522 6
1922 2479 1952 2520 l’

324 2576 476 2605 amore
499 2562 582 2603 che
605 2561 646 2603 le
670 2566 798 2615 porto
818 2561 867 2601 in
886 2560 1097 2601 Domino.
1121 2558 1174 2602 Ci
1196 2557 1323 2614 piace
1345 2558 1483 2600 molto
1501 2559 1585 2599 che
1606 2557 1648 2600 le
1671 2571 1752 2599 sue
1769 2554 1955 2611 imagini

323 2637 553 2681 habbiano
571 2637 601 2679 il
619 2651 701 2680 suo
721 2636 826 2688 fine,
848 2642 892 2679 et
917 2635 975 2677 mi
998 2651 1077 2691 par
1093 2636 1210 2678 bene
1228 2637 1327 2687 che,
1348 2632 1773 2677 accommodandosi
1794 2633 1835 2676 le
1853 2646 1957 2676 cose

324 2715 369 2758 di
391 2716 427 2759 F
431 2715 604 2767 iandra,
634 2714 676 2756 le
706 2712 822 2768 porti
851 2712 881 2754 il
911 2714 963 2755 P.
992 2711 1285 2756 Schonhouio
1303 2711 1336 2764 ²,
1362 2718 1407 2754 et
1430 2709 1573 2766 agiuti
1601 2711 1687 2752 alla
1715 2717 1890 2766 stampa
1913 2709 1959 2752 di

322 2806 439 2844 esse,
465 2791 591 2834 accio
614 2789 843 2834 rieschino
868 2788 1063 2844 compite
1085 2795 1129 2830 et
1151 2789 1359 2843 perfette.
1388 2789 1423 2829 E
1441 2788 1624 2843 quando
1643 2801 1733 2829 non
1751 2786 1788 2829 si
1807 2793 1957 2842 potes-

394 2916 403 2935 ¹
457 2915 515 2949 Ex
534 2915 722 2960 Regesto,
747 2911 845 2948 Cod.
874 2922 916 2957 33
935 2911 992 2957 k),
1012 2911 1078 2946 fol.
1098 2921 1133 2956 4.
1155 2911 1200 2946 In
1218 2911 1404 2956 margine:
1425 2911 1545 2946 Hale.
1568 2910 1618 2947 P.
1648 2910 1859 2945 Girolamo
1878 2909 1958 2945 Na-

318 2975 418 3010 tale.
444 2973 545 3009 Vide
565 2973 680 3020 epist.
699 2972 784 3015 610,
804 2971 867 3007 cui
886 2972 983 3006 haec
1000 2971 1223 3018 respondet.

391 3036 405 3055 ‘2
456 3032 534 3076 Sic3
556 3032 625 3068 sed
643 3031 738 3067 alias
759 3030 942 3066 scribitur
962 3031 1198 3066 Zonhovius.
1220 3029 1320 3064 Vide
1340 3029 1454 3076 epist.
1473 3029 1557 3074 6033
1578 3029 1661 3076 608,
1681 3034 1760 3065 etc.
