2101 3348
325 193 395 229 320
842 190 979 224 EPIST.
1008 189 1052 223 Ρ.
1081 188 1352 233 NADAL—454

276 295 337 338 mi
366 300 517 350 presto
540 292 629 334 co’l
652 290 920 333 cancellario
944 289 989 332 di
1012 289 1117 345 quel
1139 303 1337 333 vescouo
1359 303 1368 343 3
1393 292 1445 342 set
1469 291 1605 333 Mtro.
1639 291 1841 334 Antonio
1870 299 1916 336 et

277 372 521 414 Lamberto
545 376 726 411 starano
748 366 892 422 hoggi
915 365 991 421 qui
1014 380 1094 422 per
1115 367 1157 408 la
1177 365 1429 422 speditione
1450 366 1494 409 di
1513 369 1646 410 Mtro.
1670 366 1842 420 Pietro,
1869 375 1914 411 et

280 450 408 491 Mtro.
431 445 633 489 Antonio
656 445 825 487 andara
846 458 871 486 a
900 443 1159 499 Maguntia,
1186 449 1231 485 et
1252 443 1296 485 di
1319 444 1362 486 13
1385 445 1517 488 uerra
1538 459 1563 486 a
1585 443 1839 487 ritrouarmi
1867 445 1913 488 in

279 524 426 580 Spira,
452 523 570 565 doue
604 536 662 564 ua
690 520 844 563 diritto
867 522 1001 564 Mtro.
1028 521 1285 564 Lamberto.
1315 522 1403 563 Per
1431 526 1591 575 questa
1613 536 1704 563 non
1727 522 1851 564 altro.
1878 523 1912 565 Ι1

280 601 478 656 Signore
501 599 566 641 313
590 612 674 640 0011
702 597 792 641 1101.
827 597 926 640 Ora
946 602 1036 653 pro
1064 597 1209 650 nobis,
1228 599 1387 640 Pater.
1414 599 1485 640 Da
1513 599 1850 654 Aschemburg‚
1883 599 1913 642 il

279 677 424 735 primo
458 676 503 718 di
525 675 779 718 Decembre
808 675 934 729 1566.
961 676 1031 718 De
1053 676 1109 718 V.
1139 677 1191 717 P.
1218 689 1352 718 seruo
1375 690 1432 719 en
1455 676 1556 727 X.0,

1360 757 1389 815 ἢ
1422 759 1607 801 NADAL.
1647 758 1675 815 ἢ

1501 817 1530 874 ,ἰ-

366 910 611 964 Inscriptio
649 909 700 950 in
734 911 902 963 quarta
931 907 1131 964 pagina:
1163 908 1290 964 Jhus.
1332 907 1593 949 Admodum
1632 907 1746 949 Rdo.
1790 907 1916 950 Patri

279 993 435 1029 nostro
465 985 511 1027 in
541 984 723 1028 Christo
752 984 995 1028 Francisco
1023 1000 1048 1026 a
1086 983 1276 1039 Borgia,
1303 983 1549 1028 Societatis
1572 986 1682 1041 Jesu
1716 984 1917 1040 generali

280 1063 552 1121 praeposito,
573 1069 660 1106 etc.
683 1064 839 1105 Roma.
858 1062 965 1104 Alia
982 1076 1140 1104 manu:
1160 1062 1213 1104 C.
1230 1077 1286 1104 m.
1306 1077 1345 1105 e.
1368 1076 1411 1118 p.
1434 1060 1464 1118 †
1480 1062 1731 1118 Vestigium
1750 1062 1912 1118 sigilli.

1039 1175 1158 1214 454

749 1258 791 1294 3.
819 1258 1152 1296 FRANCISCUS
1177 1260 1247 1294 DE
1273 1258 1443 1305 BORJA

605 1327 817 1369 PATRI
872 1326 1307 1369 HIERONYMO
1355 1326 1600 1369 NADAL

784 1411 944 1447 ROMAE,
966 1401 987 1436 3
1006 1410 1246 1439 DECEMBRIS
1268 1402 1358 1447 1566
1381 1405 1409 1438 ¹.

276 1479 311 1505 Ι.
332 1470 478 1505 Petrus
497 1469 655 1514 Sylvius
671 1468 1047 1503 suble-vandus.—2.
1069 1469 1281 1513 Quaedam
1291 1471 1445 1515 puncta
1459 1469 1505 1504 de
1523 1468 1688 1515 collegio
1707 1468 1923 1503 trevirensi

402 1541 427 1563 a
449 1529 499 1563 P.
525 1528 690 1562 Andrea
706 1528 1019 1574 proposita—3.
1043 1527 1104 1562 De
1125 1527 1211 1561 FP.
1233 1527 1498 1563 Stevordiano
1522 1530 1557 1562 et
1576 1527 1798 1574 Swagerz'o.

376 1619 411 1649 Ι.
472 1608 603 1663 Jhus.
631 1606 789 1649 Molto.
818 1605 931 1647 Rdo.
958 1604 1004 1646 in
1033 1606 1151 1661 Xpo.
1179 1606 1341 1648 Padre.
1369 1607 1465 1647 Pax
1488 1605 1613 1660 xpi„
1645 1612 1732 1649 etc.
1759 1603 1921 1648 Scriue

280 1684 310 1725 il
334 1685 385 1726 P.
415 1682 567 1726 Pietro
591 1681 734 1726 Siluio
756 1682 769 1702 ‘²
795 1683 879 1725 che
901 1682 943 1724 10
961 1696 1181 1738 premono
1204 1681 1320 1724 assai
1343 1681 1450 1724 duoi
1467 1681 1596 1737 uffitij
1621 1683 1705 1725 che
1728 1680 1848 1725 tiene
1870 1681 1916 1724 in

280 1762 493 1804 Treuere.
522 1761 577 1802 V.
611 1761 664 1802 R.
692 1759 825 1813 ueda,
866 1759 1141 1801 trattandolo
1164 1759 1233 1801 001
1272 1759 1418 1802 Padre
1456 1773 1539 1801 suo
1575 1758 1842 1815 prouincial,
1868 1767 1919 1802 36

278 1840 378 1881 sara
401 1836 635 1893 spediente
658 1835 921 1879 scarricarlo
945 1837 1122 1880 almeno
1145 1837 1232 1880 del’
1261 1851 1366 1880 uno.

370 1928 410 1969 3.
477 1916 541 1958 La
569 1915 721 1956 buona
749 1913 964 1957 memoria
994 1914 1067 1956 del
1096 1915 1149 1957 Ρ.
1191 1915 1392 1967 Andrea,
1425 1920 1571 1956 morto
1599 1913 1747 1969 questi
1770 1912 1918 1969 giomi

279 1991 323 2033 in
357 1993 555 2034 Treuere
579 1993 611 2044 ⁵,
638 1990 799 2034 scrisse
828 2006 918 2034 una
946 1992 1106 2035 lettera
1135 1992 1192 2035 de
1213 1990 1381 2035 diuersi
1404 1990 1549 2047 punti,
1576 2005 1703 2034 come
1726 2004 1920 2046 persona

278 2068 427 2111 zelosa
445 2069 514 2110 del
541 2070 664 2110 buon
695 2068 938 2123 procedere
968 2076 1012 2113 et
1041 2067 1254 2125 religioso
1278 2069 1333 2111 de
1356 2068 1396 2111 la
1428 2058 1711 2124 Compagnia
1739 2067 1785 2108 in
1817 2066 1922 2122 quel

279 2144 489 2199 collegio.
518 2144 609 2199 Qui
632 2145 668 2187 31
699 2146 863 2188 manda
891 2160 916 2188 a
939 2146 997 2189 V.
1031 2147 1105 2198 R.,
1137 2145 1262 2188 accio
1287 2146 1403 2190 ueda
1431 2160 1480 2197 se
1512 2144 1541 2186 li
1564 2146 1722 2200 parera
1755 2158 1922 2200 proue-

280 2221 387 2264 dere
410 2220 456 2262 in
480 2222 669 2276 qualche
692 2237 812 2265 cosa.

369 2310 411 2351 3.
476 2298 510 2339 ll
534 2300 585 2340 P.
613 2299 805 2341 Martino
825 2300 839 2319 ⁴
858 2300 902 2341 di
921 2300 1162 2343 Monachio
1179 2300 1464 2343 domandaua
1480 2298 1669 2343 licencia
1686 2298 1731 2341 di
1753 2299 1914 2354 legger

277 2374 379 2417 libri
401 2374 603 2417 heretici:
630 2375 667 2417 31
690 2375 867 2420 rimette
899 2392 1031 2433 sopra
1060 2378 1208 2433 quella
1230 2393 1256 2421 a
1284 2379 1341 2421 V.
1369 2379 1422 2420 R.
1450 2376 1499 2422 Si
1530 2376 1677 2420 scriue
1704 2378 1847 2419 anche
1872 2376 1913 2418 al

278 2452 429 2494 dottor
450 2452 659 2494 Conrado
690 2454 721 2504 ⁵,
754 2455 1063 2498 essortandolo
1092 2470 1117 2498 a
1142 2455 1270 2499 uenir
1292 2470 1396 2511 qua,
1429 2469 1455 2498 0
1478 2456 1655 2498 almeno
1687 2454 1743 2497 ad
1773 2453 1913 2496 andar

348 2587 360 2607 ¹
412 2588 470 2621 Ex
495 2587 721 2633 archetypo,
742 2599 762 2622 a
781 2589 1007 2625 Fernandez
1032 2597 1203 2637 exarato,
1230 2597 1270 2627 et
1294 2592 1459 2638 Borgiae
1484 2603 1599 2627 manu
1623 2591 1856 2637 subscripto,
1876 2590 1916 2626 in

281 2646 376 2682 Cod.
400 2656 461 2692 34,
483 2646 598 2681 unico
618 2646 701 2692 fol.‚
726 2648 791 2692 189
809 2649 898 2692 (77).

346 2709 361 2727 2
412 2705 506 2751 Ejus
526 2717 691 2741 examen
710 2706 799 2742 vide
826 2707 864 2742 in
884 2709 1014 2755 Epist.
1041 2710 1204 2758 Natal.‚
1226 2712 1277 2757 ΙΙ,
1299 2720 1385 2757 579.

347 2765 362 2786 ⁵
412 2765 456 2800 ln
475 2766 653 2810 catalogo
671 2766 826 2811 collegii
846 2767 1072 2803 trevirensis
1091 2771 1181 2805 anni
1203 2770 1293 2815 1566
1306 2772 1402 2806 haec
1416 2770 1464 2806 de
1484 2771 1525 2806 P.
1543 2770 1700 2806 Andrea
1718 2770 1916 2817 reperiun-

275 2830 351 2860 tur:
374 2824 445 2859 «P.
471 2824 648 2859 Andreas
668 2826 1033 2873 valkenburgensis,
1056 2837 1101 2862 20
1120 2829 1362 2875 Septembris
1386 2831 1458 2866 hoc
1483 2841 1597 2875 annO,
1625 2835 1825 2876 correptus
1850 2841 1915 2876 pe-

275 2888 351 2930 ste,
371 2883 554 2929 migravit
572 2883 619 2918 ad
640 2884 864 2919 Dominum.
885 2886 976 2921 Erat
995 2886 1214 2932 praefectus
1233 2888 1275 2924 S.
1306 2890 1514 2935 Barbarae,
1534 2895 1573 2925 et
1597 2889 1754 2934 collegii
1779 2899 1913 2935 procu—

274 2948 390 2978 rator.
413 2942 704 2978 professionem
723 2942 744 2977 3
764 2948 943 2979 votorum
963 2945 1093 2980 emisit
1115 2954 1155 2990 15
1175 2948 1396 2992 Januarii.»

345 3003 362 3024 ⁴
412 3001 709 3037 Stevordianus.
1158 3007 1171 3026 5
1221 3006 1464 3052 Swagerius.
