2101 3348
389 245 460 282 818
969 246 1106 281 EP1ST.
1135 245 1179 280 P.
1208 245 1358 281 NADAL

1044 401 1279 444 LXXVIII

806 489 849 524 P.
880 488 1155 525 ANTONIUS
1182 487 1507 526 POSSEVINUS

691 582 892 611 PATRI
933 581 1236 611 ANTONIO
1276 569 1611 611 MICHAELI

866 659 1054 710 Romae,
1088 670 1133 700 11
1161 656 1267 713 Maji
1296 667 1407 712 1574
1435 659 1463 702 ¹.

712 746 886 782 Litterae
904 746 1254 782 commendatitiae
1267 748 1344 792 pro
1363 747 1412 781 Ρ.
1431 746 1588 781 Natali.

418 823 467 868 Si
491 825 542 867 R.
573 825 707 866 Pater
730 823 1021 880 prouincialis
1043 823 1127 868 erit
1164 820 1399 876 isthie‚‘T.
1431 825 1486 867 R.
1517 837 1573 866 ex
1601 823 1761 866 litteris
1783 824 1837 867 ad
1861 838 1965 867 eum

329 897 356 925 a
380 884 432 927 Ρ.
458 884 516 927 Ν.
542 883 746 939 generali
775 883 891 927 datis
916 883 1047 927 facile
1078 882 1303 939 intelliget
1330 889 1500 937 quanto
1533 882 1732 925 omnium
1764 890 1969 927 uestrum

328 943 449 985 bono
474 942 628 986 ueniat
652 944 708 985 ad
731 958 818 986 uos
841 945 895 987 R.
921 944 973 987 P.
1000 944 1086 987 Mr.
1119 942 1426 998 Hieronymus
1455 941 1645 994 Natalis,
1674 941 1906 997 quibusue
1920 943 1965 985 in

327 1003 481 1055 rebus,
507 1010 585 1044 aut
608 1002 683 1046 ille
708 1002 839 1045 uobis
858 1003 1097 1045 commodo
1124 1016 1223 1045 esse
1251 1001 1432 1057 poterit,
1465 1008 1543 1044 aut
1572 1015 1656 1044 uos
1686 1001 1805 1044 illius
1837 1017 1965 1046 sene-

325 1068 498 1104 ctutem
522 1068 567 1104 et
590 1061 810 1116 optimum
835 1064 1015 1105 Patrem
1054 1061 1214 1103 iuuare
1251 1060 1489 1105 debebitis.
1512 1061 1649 1115 Quod
1678 1067 1729 1103 ut
1760 1062 1854 1114 fiat,
1880 1061 1964 1104 erit

326 1128 586 1176 pergratum
604 1123 657 1165 R.
673 1122 726 1165 P.
744 1123 803 1165 N.
819 1121 1037 1177 generali.
1053 1120 1151 1163 Nisi
1171 1135 1279 1164 uero
1296 1120 1429 1163 isthic
1448 1119 1536 1178 {sit]
1555 1121 1688 1163 Pater
1705 1120 1962 1175 prouincia-

326 1179 396 1232 lis,
419 1180 583 1236 poterit
601 1182 655 1223 T.
678 1183 732 1225 R.
754 1181 942 1232 litteras,
965 1195 1080 1235 quae
1099 1181 1154 1223 ad
1173 1195 1275 1224 eum
1294 1180 1554 1222 scribuntur
1575 1179 1824 1235 resignare,
1849 1194 1962 1235 quas

326 1240 465 1282 lectas
489 1239 764 1295 obsignabit,
790 1248 835 1283 et
858 1241 914 1282 ad
937 1241 1118 1282 Patrem
1142 1239 1464 1295 prouincialem
1493 1239 1656 1283 mittet.
1692 1240 1749 1281 Et
1771 1240 1892 1294 quod
1914 1239 1960 1281 in

325 1298 412 1341 illis
435 1299 648 1342 scribitur
668 1301 725 1342 de
748 1301 799 1342 P.
828 1302 891 1344 M.
917 1298 1185 1353 Hieronymi
1204 1299 1378 1342 Natalis
1396 1298 1734 1354 scriptionibus,
1755 1306 1841 1343 etc.
1865 1313 1960 1342 ser-

326 1358 451 1401 uabit
475 1360 528 1403 T.
555 1361 610 1403 R.
635 1358 746 1402 illud
769 1358 918 1414 ipsum
942 1358 1189 1409 silentium,
1216 1366 1294 1401 aut
1316 1366 1557 1411 secretum,
1583 1358 1704 1414 quod
1727 1357 1957 1403 scribitur.

326 1419 511 1470 Romae,
538 1418 644 1476 di[e]
675 1432 720 1462 ΙΙ
756 1418 863 1474 Maji
892 1429 1018 1473 1574.

1050 1568 1242 1610 LXXIX

750 1663 795 1697 P.
813 1661 1131 1698 EVERARDUS
1152 1661 1533 1697 MERCURIANUS

642 1757 1125 1789 PROVINCIALIBUS
1170 1760 1238 1788 ET
1283 1759 1640 1789 RECTORIBUS

843 1843 1028 1894 Romae,
1061 1853 1109 1883 12
1135 1840 1242 1896 Maji
1271 1851 1381 1894 1574
1404 1841 1434 1883 ².

787 1930 960 1965 Litterae
970 1932 1164 1975 patentes,
1179 1933 1256 1977 pro
1273 1930 1321 1964 P.
1339 1929 1492 1965 Natali.

411 2013 771 2056 Prouincialibus
804 2020 849 2056 et
879 2013 1131 2057 rectoribus
1160 2020 1247 2057 etc.
1282 2014 1398 2056 Cum
1429 2028 1607 2067 eorum,
1641 2014 1717 2069 qui
1748 2021 1870 2059 recte
1902 2030 1953 2058 ac

322 2073 513 2116 fideliter
530 2073 576 2115 in
595 2073 729 2115 uinea
746 2073 929 2115 Domini
948 2074 1224 2124 laborarunt,
1246 2072 1532 2128 praecipuam
1551 2073 1770 2117 rationem
1787 2075 1954 2118 habere

321 2133 580 2184 debeamus,
608 2132 889 2187 potissimum
916 2147 1023 2174 uero
1047 2134 1100 2175 R.
1128 2132 1274 2174 Patris
1303 2132 1508 2188 magistri
1538 2133 1789 2175 Hieronimi
1812 2135 1954 2177 Nata—

320 2190 391 2244 lis,
417 2191 493 2245 qui
521 2194 577 2234 de
607 2192 834 2236 Societate
863 2191 1030 2247 optime
1062 2207 1239 2246 semper
1270 2199 1339 2235 est
1372 2191 1557 2234 meritus
1585 2200 1765 2248 propter
1793 2192 1948 2245 uitam,

320 2250 587 2302 doctrinam,
610 2259 745 2306 atque
763 2251 968 2293 assiduos
986 2251 1127 2306 ipsius
1144 2250 1189 2292 in
1207 2265 1259 2294 ea
1275 2252 1466 2302 labores,
1488 2258 1724 2307 propterea
1741 2253 1953 2296 uolumus

322 2316 372 2351 ut
395 2323 679 2364 quocumque
703 2311 745 2351 in
771 2310 963 2366 collegio
986 2318 1140 2353 nostro
1163 2324 1343 2354 manere
1367 2310 1562 2354 uoluerit
1578 2345 1587 2362 ,
1610 2312 1731 2353 hunc
1753 2312 1873 2353 omni
1897 2327 1949 2355 ea

320 2367 538 2411 charitate
556 2369 803 2424 excipiatis,
821 2384 871 2412 ac
889 2369 1115 2413 reuerenti
1132 2369 1281 2411 animo
1300 2369 1515 2421 tractetis,
1531 2384 1620 2424 quo
1636 2385 1746 2426 erga
1768 2377 1857 2414 tam
1876 2370 1948 2413 in-

318 2427 495 2483 signem
519 2435 564 2472 et
586 2429 924 2484 perantiquum,
951 2430 1251 2484 eumdemque
1282 2429 1412 2472 nobis
1440 2429 1718 2471 carissimum
1743 2430 1941 2483 fratrem,

319 2487 385 2529 uti
424 2487 735 2543 unusquisque
773 2489 921 2531 debet.
955 2489 1004 2530 In
1041 2503 1234 2543 quorum
1270 2489 1404 2531 fidem
1444 2495 1529 2532 etc.
1562 2490 1753 2541 Romae,
1793 2501 1841 2532 12
1871 2490 1944 2533 die

316 2546 421 2601 Maij
454 2558 580 2601 1574.

390 2676 398 2695 ¹
450 2676 507 2710 Ex
526 2676 713 2721 Regesto,
737 2674 829 2710 Cod.
854 2676 963 2721 33j),
986 2676 1051 2711 fol.
1072 2685 1130 2711 12.
1152 2677 1196 2711 In
1211 2677 1400 2722 margine:
1419 2678 1540 2712 Patri
1554 2678 1729 2712 Antonio
1743 2678 1943 2714 Michaeli.

316 2733 359 2771 P.
383 2734 577 2769 Antonius
603 2733 841 2769 Possevinus
867 2741 949 2769 erat
973 2735 1079 2769 Patri
1103 2735 1299 2770 Everardo
1323 2735 1564 2770 Mercuriano
1590 2747 1612 2770 a
1635 2736 1816 2772 secretis.
1846 2737 1945 2772 Vide

314 2793 520 2839 epistolam
539 2793 852 2840 praecedentem.

386 2855 399 2873 2
451 2853 509 2887 Ex
527 2852 677 2897 codice,
696 2852 759 2887 eui
778 2852 914 2887 titulus
936 2851 1048 2887 Liber
1062 2853 1291 2898 patentium
1305 2856 1382 2899 pro
1401 2853 1654 2888 missionibus
1672 2858 1708 2889 et
1725 2855 1832 2891 aliis.
1852 2856 1894 2890 L.
1911 2856 1943 2890 I.

316 2920 404 2955 1573
426 2911 546 2946 annis
564 2914 656 2946 ante
674 2911 784 2955 1600,
807 2922 894 2958 pag.
919 2919 974 2956 10,
995 2923 1033 2945 n.
1053 2910 1111 2956 39.
1132 2911 1176 2945 In
1194 2912 1266 2946 hoc
1284 2917 1534 2947 monumento
1554 2912 1683 2948 variae
1708 2914 1944 2950 emendatio·
2018 2932 2020 2934 ·

315 2982 398 3016 nes,
419 2972 481 3006 vel
502 2970 630 3017 potius
650 2971 902 3016 mutationes,
921 2970 1102 3005 inductae
1121 2970 1488 3016 conspiciuntuqut
1508 2972 1644 3007 eadem
1659 2972 1823 3010 formula
1837 2974 1944 3009 Patri

311 3028 596 3065 Ribadeneirae
618 3034 827 3076 aptaretur.
