2101 3348
306 215 375 261 376
826 214 964 248 EPIST.
992 213 1035 248 P.
1064 213 1332 259 NADAL—464

257 331 409 360 mezza
444 314 823 371 peregrinatione,
861 321 907 358 et
939 320 1147 369 separato
1185 313 1289 357 (13111
1326 313 1442 357 altri.
1470 312 1629 357 Vorria
1664 311 1885 356 intender’

255 394 372 436 dalla
396 395 446 435 P.
475 393 531 435 V.
559 406 606 435 se
629 390 762 434 simili
784 406 809 434 a
833 390 992 445 Lucio,
1019 398 1063 434 et
1091 390 1237 434 Gioan
1269 390 1534 443 viennense,
1559 396 1668 444 etc.,
1693 404 1742 433 se
1768 403 1886 445 puo-

257 476 386 512 trano
410 469 610 511 mandar’
637 482 662 510 a
684 469 828 511 Roma
851 468 936 510 alla
966 467 1248 523 probatione,
1275 466 1525 511 hauendosi
1560 467 1750 522 qualche
1782 480 1876 521 spe—

256 561 390 589 ranza
422 548 506 589 che
538 545 574 588 si
607 544 790 601 possino
813 545 993 588 aiutar’.
1022 546 1078 587 Et
1109 545 1259 600 quello
1282 546 1366 588 che
1386 544 1429 586 la
1459 545 1510 587 Ρ.
1536 545 1593 588 V.
1621 543 1735 596 dice,
1766 544 1885 587 chea

256 623 436 678 quando
457 637 568 665 sano
591 637 725 678 poco,
751 636 841 664 non
864 622 901 665 si
923 629 1148 678 puotrano
1171 622 1372 664 mandar’
1398 621 1440 664 al
1461 620 1654 677 collegio
1680 634 1882 672 romano,

256 702 369 744 Mro.
397 700 578 743 Canisio
597 707 641 743 et
658 699 700 743 io
719 715 811 743 non
828 700 1185 756 pretendeuamo
1204 700 1404 742 mandar’
1425 699 1467 741 la
1484 698 1620 754 quelli
1641 696 1801 740 nouitii
1816 696 1890 740 alli

254 777 408 830 studii,
435 791 577 820 senon
595 779 760 833 perche
783 778 934 822 fusero
951 776 1132 833 prouati
1150 784 1196 820 et
1214 774 1452 819 rimandati
1468 790 1493 818 a
1509 775 1694 818 studiar’
1715 774 1759 817 in
1778 774 1889 817 Ala-

256 854 461 911 magnia3
486 855 654 910 perche
681 854 913 910 pensiamo
953 869 1045 897 non
1080 853 1326 897 conuenire
1359 854 1443 897 che
1481 851 1712 896 thedeschi
1743 851 1889 894 stiano

254 932 393 974 molto
417 938 568 987 tempo
590 931 636 973 in
659 933 816 975 Roma.
845 933 902 974 Et
928 946 978 975 se
1000 933 1152 974 hanno
1175 946 1200 973 a
1223 931 1390 973 andare
1409 944 1489 985 per
1506 928 1718 980 studiana,
1740 930 1890 971 hanno

255 1010 461 1052 almanco
485 1024 510 1051 a
533 1010 690 1054 hauer’
713 1009 878 1053 sentito
902 1024 991 1065 qua
1012 1009 1055 1051 la
1078 1007 1385 1064 philosophia,
1411 1014 1456 1050 et
1484 1008 1567 1050 che
1595 1007 1638 1049 la
1661 1020 1750 1048 non
1773 1006 1888 1048 hab-

254 1086 361 1129 bino
384 1102 409 1129 a
431 1087 631 1131 studiare
653 1101 795 1131 Senon
819 1086 1062 1143 theologia,
1084 1101 1110 1128 o
1131 1100 1239 1129 uero
1257 1099 1370 1141 poco
1387 1084 1508 1128 rifar’
1527 1085 1570 1127 la
1586 1082 1885 1140 philosophia,

254 1171 300 1208 et
322 1165 460 1208 esser'
481 1177 673 1220 persone
697 1164 814 1207 forti.
836 1166 892 1207 Et
914 1179 992 1220 per
1015 1163 1252 1207 occasione
1269 1161 1313 1204 di
1332 1169 1510 1217 questo,
1530 1160 1627 1204 diro
1644 1161 1729 1203 alla
1749 1162 1801 1203 Ρ.
1825 1161 1882 1202 V.

257 1254 318 1283 un
341 1240 534 1297 disegno
557 1240 662 1294 mio,
683 1243 767 1285 che
789 1243 847 1284 ho
871 1241 1057 1298 pigliato
1080 1239 1412 1283 auicinandomi
1434 1255 1460 1282 a
1482 1240 1517 1282 F
1523 1253 1677 1281 ranza:
1703 1239 1787 1281 che
1809 1236 1887 1293 piu

257 1324 376 1360 tosto
401 1332 479 1373 per
501 1318 639 1361 studii
661 1319 697 1361 s'
717 1318 962 1362 haueriano
984 1333 1009 1361 a
1032 1318 1231 1360 mandar’
1258 1316 1492 1360 thedeschi
1519 1331 1544 1359 a
1567 1314 1776 1371 Pariggi,
1802 1316 1887 1356 che

256 1409 347 1437 non
370 1410 395 1437 a
418 1396 575 1447 Roma,
597 1395 915 1451 specialmente
933 1410 981 1439 se
999 1409 1196 1451 possono
1214 1396 1382 1437 hauere
1398 1394 1440 1437 la
1456 1394 1499 1436 la
1520 1391 1794 1449 prouisione3
1817 1405 1890 1433 ma

256 1471 301 1513 di
325 1478 486 1526 questo
509 1472 708 1516 scriuero
729 1472 849 1528 dipoi
879 1473 964 1516 alla
989 1474 1040 1515 Ρ.
1068 1473 1124 1515 V.
1152 1472 1211 1516 Se
1241 1471 1271 1512 il
1299 1470 1490 1526 collegio
1519 1469 1563 1512 di
1593 1467 1828 1524 Herbipoli
1850 1470 1886 1510 s’

256 1549 315 1590 ha
338 1563 363 1591 a
386 1548 721 1602 incominciare,
747 1550 771 1592 e
794 1549 1048 1593 necessario
1077 1548 1106 1590 il
1137 1551 1188 1592 P.
1218 1548 1370 1591 Pietro
1394 1549 1535 1591 Phae.
1561 1548 1625 1590 La
1650 1548 1701 1589 P.
1729 1547 1785 1588 V.
1813 1560 1891 1600 per

256 1639 381 1667 amor
404 1626 459 1667 de
482 1625 570 1668 Dio
594 1625 743 1668 scriua
765 1626 1237 1677 determinatamente,
1263 1633 1308 1669 et
1330 1624 1511 1681 procuri
1540 1626 1624 1667 che
1653 1622 1824 1678 venghi
1846 1621 1892 1664 in

259 1701 368 1758 ogni
393 1702 551 1755 modo;
579 1710 622 1746 et
655 1704 739 1746 che
768 1705 804 1745 s’
830 1704 980 1746 hanno
1009 1704 1051 1745 la
1079 1703 1270 1758 qualche
1300 1701 1544 1753 necessita,
1576 1701 1635 1742 mi
1664 1699 1896 1759 scriuano,

258 1780 343 1822 che
367 1778 426 1820 mi
450 1779 649 1822 sforzaro
672 1779 848 1822 aiutarli
871 1779 915 1822 di
939 1787 1097 1834 queste
1119 1780 1282 1823 bande.
1309 1780 1383 1822 Ho
1404 1779 1584 1821 stimato
1612 1778 1749 1819 molto
1778 1776 1807 1818 il
1830 1775 1888 1818 ri-

258 1856 394 1898 cordo
418 1857 501 1899 che
525 1855 585 1897 mi
608 1856 666 1899 da
687 1856 729 1899 la
753 1858 804 1900 Ρ.
833 1858 889 1900 V.
916 1857 1032 1900 della
1055 1856 1221 1900 facilita
1243 1858 1327 1900 che
1350 1871 1488 1912 pensa
1510 1857 1646 1899 esser'
1672 1868 1749 1910 per
1771 1855 1888 1897 Ger—

260 1932 425 1986 mania,
446 1933 502 1975 da
525 1940 652 1990 parte
675 1934 731 1976 de
754 1934 847 1978 Sua
869 1935 963 1978 Sta.
990 1948 1071 1990 per
1095 1933 1223 1976 unire
1245 1932 1507 1976 monasterii
1529 1931 1716 1977 desolati
1739 1947 1764 1974 a
1787 1931 1889 1973 fun—

257 2008 426 2051 dationi
444 2010 499 2053 de
523 2009 719 2067 collegii,
745 2018 790 2055 et
813 2010 997 2054 intendo
1020 2011 1062 2053 io
1079 2025 1213 2054 senza
1231 2009 1568 2066 compositioni,
1581 2009 1745 2064 perche
1768 2007 1893 2050 altri—

258 2086 398 2128 menti
421 2087 610 2130 sarebbe
633 2101 738 2130 cosa
760 2088 898 2130 molto
921 2088 1100 2131 difficile
1122 2103 1201 2144 per
1223 2088 1253 2130 li
1278 2080 1505 2130 fundatori
1529 2094 1573 2130 et
1589 2101 1668 2142 per
1691 2087 1733 2129 la
1755 2086 1894 2128 Com-

259 2162 440 2218 pagnia,
466 2164 509 2204 d'
536 2163 564 2204 il
588 2165 671 2207 che
693 2164 899 2208 desidero
923 2167 1061 2209 esser'
1086 2165 1260 2208 auisato
1283 2165 1400 2207 dalla
1421 2166 1473 2208 P.
1496 2166 1553 2207 V.
1576 2163 1652 2208 Sia
1670 2178 1748 2219 per
1770 2177 1896 2205 amor

259 2240 315 2281 de
332 2239 418 2281 Dio
442 2241 590 2294 quello
615 2243 697 2284 che
721 2243 777 2285 V.
806 2243 857 2284 P.
885 2242 998 2294 dice,
1026 2243 1070 2285 di
1095 2242 1222 2285 farmi
1240 2242 1419 2298 copiare
1442 2242 1590 2298 quelle
1608 2255 1716 2284 cose
1734 2242 1817 2283 che
1834 2241 1893 2282 ho

260 2315 535 2359 dimandato.
564 2318 626 2360 Le
649 2317 942 2371 instruttioni,
969 2319 1156 2363 intendo
1180 2320 1223 2362 io
1248 2319 1547 2375 qualsivoglia
1575 2332 1679 2360 cosa
1707 2318 1790 2360 che
1813 2332 1893 2372 per

260 2393 381 2435 buon
407 2407 611 2448 gouerno
640 2396 808 2439 hauera
837 2396 992 2439 scritto
1024 2398 1066 2439 la
1097 2399 1148 2440 P.
1176 2399 1231 2441 V.
1259 2397 1333 2440 alli
1356 2395 1636 2453 prouinciali,
1663 2396 1747 2438 che
1769 2394 1891 2450 possi

260 2469 422 2512 aiutar’
453 2484 531 2525 per
560 2478 718 2525 queste
739 2472 986 2527 prouincie.
1013 2473 1161 2517 Gioan
1185 2473 1393 2528 Battista,
1419 2481 1606 2525 sartore,
1631 2473 1731 2515 sara
1754 2471 1891 2513 molto

259 2547 363 2590 ben'
405 2555 572 2589 venuto
610 2562 689 2603 per
726 2548 768 2591 la
806 2549 1036 2604 prouincia
1072 2552 1144 2595 del
1182 2553 1235 2594 P.
1278 2553 1391 2595 Mro.
1438 2549 1635 2594 Canisio.
1678 2548 1893 2604 Supplico

260 2623 302 2665 la
325 2624 377 2665 P.
405 2624 460 2666 V.
487 2624 529 2666 lo
552 2623 718 2667 mandi.
745 2625 779 2666 Il
801 2627 1033 2669 sacerdote
1056 2629 1346 2684 spagnuolob
1368 2643 1447 2684 per
1470 2627 1648 2671 Vienna
1672 2627 1696 2669 6
1720 2625 1794 2682 gia
1815 2625 1894 2681 piu

259 2701 345 2743 che
368 2700 639 2752 necessario,
665 2702 858 2744 essendo
883 2709 1027 2745 morto
1052 2704 1185 2747 etiam
1209 2704 1238 2746 il
1262 2707 1314 2748 P.
1342 2705 1552 2756 Morales,
1580 2705 1683 2756 imo,
1707 2717 1755 2746 se
1778 2717 1893 2758 puo-

260 2783 431 2821 tessero
449 2778 586 2821 esser'
607 2776 696 2829 doi,
718 2777 893 2820 sariano
911 2780 1047 2821 molto
1065 2782 1152 2823 ben
1172 2782 1326 2825 venuti
1345 2789 1390 2826 et
1412 2781 1539 2837 quasi
1559 2779 1814 2824 necessarii.
1840 2780 1896 2821 Et

261 2853 521 2905 realmente,
549 2854 710 2905 Padre,
737 2853 779 2895 io
797 2868 887 2896 non
909 2869 959 2898 so
982 2856 1093 2899 altra
1112 2858 1235 2901 India
1253 2858 1442 2914 meglior
1460 2860 1544 2902 che
1567 2857 1828 2908 Germania,
1850 2863 1895 2899 et

330 2967 351 2987 a
388 2959 572 3007 Sequitur
588 2962 702 2996 saria
721 2961 817 2996 bono
831 2963 895 2997 che
914 2962 1161 2998 obliteratum
1180 2976 1201 2998 a
1220 2964 1387 3000 libr.—b
1405 2966 1490 3000 Hoc
1510 2966 1618 3000 verb.
1636 2963 1784 3000 addidit
1799 2964 1890 2999 libr.

262 3030 378 3065 supra
396 3031 502 3055 vers.
