2101 3348
353 239 422 284 716
870 234 1006 269 prsr.
1036 232 1080 268 P.
1109 230 1380 277 NADAL—598

296 353 472 396 augere
495 337 724 393 dignetur.
752 337 804 378 R.
819 342 859 362 ³0
879 336 1005 377 Tuae
1022 333 1233 389 precibus
1250 340 1295 375 et
1313 331 1480 375 sanctis
1498 329 1729 374 sacrificiis
1746 344 1816 373 me
1834 330 1937 385 plu-

300 417 462 459 rimum
485 413 771 457 commendo.
798 414 984 465 Romae,
1010 410 1152 467 pridie
1175 410 1386 454 calendas
1410 407 1579 465 Aprilis
1609 407 1733 462 1576.

1061 556 1184 597 598

749 645 802 686 P.
830 642 1242 686 HIERONYMUS
1275 642 1493 684 NADAL

636 733 804 768 PATRI
839 730 1170 768 EVERARDO
1203 727 1607 766 MERCURIANO

876 817 1038 850 HALAE,
1062 817 1104 843 10
1122 817 1214 850 MAJ1
1236 808 1325 852 1576
1346 808 1371 842 ¹.

311 891 371 926 De
389 902 459 925 suo
478 890 593 924 socio:
613 890 742 924 icones
760 900 785 922 a
803 899 841 923 se
859 888 1081 922 adornatas
1099 897 1180 921 non
1197 886 1371 921 edendas
1387 887 1530 927 censent,-
1548 895 1633 919 rem
1658 885 1793 918 tamen
1816 893 1944 917 censo-

872 958 966 982 rum
982 946 1142 992 judicio
1160 945 1387 981 committit.

400 1034 429 1090 ἦ·
466 1033 727 1076 Admodum
757 1031 869 1074 Rde.
896 1030 943 1072 in
971 1029 1151 1073 Christo
1176 1031 1228 1072 Ρ.
1256 1030 1313 1072 N.
1342 1030 1437 1071 Pax
1460 1026 1640 1071 Christi.
1667 1028 1770 1069 Non
1798 1025 1939 1069 aude-

315 1113 419 1154 bam
451 1110 508 1153 ad
537 1100 600 1161 te,'
626 1112 777 1162 Pater,
801 1107 999 1151 scribere
1027 1109 1248 1150 hactenus
1276 1105 1429 1148 latine.
1456 1105 1548 1149 Sed
1570 1103 1821 1146 inuitarunt
1851 1117 1940 1154 me,

312 1196 361 1231 vt
385 1187 430 1230 id
452 1186 671 1243 experiar,
698 1200 809 1242 quas
832 1185 920 1228 iam
944 1184 1126 1228 tertium
1150 1183 1303 1239 accepi
1324 1198 1379 1226 ex
1403 1189 1446 1225 te
1469 1181 1643 1225 latinas.
1672 1182 1777 1236 Qua
1799 1179 1845 1221 in
1875 1194 1938 1231 re,

310 1265 420 1308 illud
450 1264 585 1308 etiam
616 1263 775 1306 faciam
805 1261 1138 1317 compendium;
1165 1268 1322 1316 potero
1351 1259 1471 1302 enim
1494 1258 1639 1301 aliena
1667 1272 1803 1300 manu
1831 1256 1944 1299 scri-

312 1344 437 1396 bere,
463 1341 540 1397 qui
563 1356 654 1384 non
679 1341 810 1384 facile
832 1354 931 1382 mea
954 1338 1218 1382 scribebam.
1244 1337 1432 1381 Mirifice
1455 1342 1777 1379 recreauerunt
1807 1348 1877 1377 me
1900 1332 1946 1375 in

314 1411 512 1463 Domino
534 1418 689 1462 literae
708 1426 828 1470 tuae,
856 1420 1006 1469 Pater,
1034 1431 1145 1471 quas
1167 1415 1310 1471 pridie
1333 1415 1548 1459 kalendas
1572 1412 1741 1469 Aprilis
1762 1410 1939 1454 dedisti.

314 1496 438 1553 Quid
461 1495 579 1540 enim
604 1496 659 1537 ad
682 1495 780 1538 illas
802 1494 906 1537 addi
928 1493 1077 1549 potuit
1098 1500 1313 1549 paternae
1333 1493 1403 1535 vel
1426 1489 1726 1534 solicitudinis
1748 1489 1820 1532 vel
1843 1502 1950 1530 sua—

316 1573 469 1617 uitatis
491 1574 563 1615 vel
585 1571 847 1615 charitatis?
870 1573 969 1627 Ego
1002 1570 1183 1626 quidem
1216 1583 1402 1625 corpore
1425 1583 1516 1611 non
1549 1575 1639 1610 tam
1672 1568 1788 1610 bene
1817 1566 1948 1608 valeo

317 1665 451 1706 quam
474 1651 688 1701 solebam3
715 1649 794 1692 sed
817 1648 927 1691 illud
948 1648 1092 1692 debeo
1115 1647 1395 1690 orationibus
1413 1645 1518 1699 tuis,
1541 1645 1665 1699 quod
1683 1643 1832 1686 animo
1850 1657 1949 1684 sum

319 1734 527 1784 vegetus.
543 1728 700 1781 Itaque
718 1725 933 1781 quicquid
950 1725 1059 1768 mihi
1078 1724 1247 1777 euenit,
1262 1725 1318 1767 ad
1334 1723 1419 1768 Dei
1437 1721 1765 1778 benignitatem
1784 1720 1945 1763 refero.

319 1806 423 1848 Non
452 1812 562 1860 puto
590 1803 722 1846 nouis
753 1817 867 1859 opus
894 1817 993 1846 esse
1022 1800 1489 1846 commendationibus
1512 1800 1631 1855 apud
1658 1800 1742 1841 hos
1772 1799 1946 1841 Patres.

318 1885 486 1938 Magna
508 1896 579 1924 me
601 1888 707 1923 sunt
730 1895 906 1936 semper
928 1878 1149 1935 complexi
1177 1878 1461 1935 benignitate
1484 1884 1528 1921 et
1557 1890 1708 1920 amore
1737 1889 1789 1918 ac
1817 1873 1953 1917 etiam

317 1958 616 2015 prouidentia.
645 1959 713 2001 De
736 1957 859 2000 socio
882 1957 956 2013 egi
973 1970 1077 1999 cum
1101 1963 1395 2012 procuratore
1413 1954 1547 1997 huius
1565 1951 1826 2009 prouinciae
1843 1952 1875 1993 ².
1897 1951 1955 1992 Et

318 2051 391 2080 res
415 2038 503 2078 huc
521 2035 652 2078 rediit
675 2035 838 2088 omnis.
859 2048 958 2077 esse
981 2040 1262 2090 compertum
1286 2048 1341 2076 ex
1363 2034 1449 2074 hac
1471 2025 1705 2087 prouincia
1728 2027 1838 2071 mihi
1860 2025 1957 2070 dari

320 2128 412 2156 non
435 2127 566 2168 posse
588 2112 803 2156 idoneum
827 2110 1010 2153 socium.
1037 2112 1104 2153 Ex
1126 2110 1252 2153 Italia
1273 2117 1342 2152 est
1364 2108 1566 2152 omnium
1587 2114 1607 2134 a
1637 2104 1876 2149 consilium
1900 2118 1958 2147 ne

322 2197 486 2245 petam.
513 2190 629 2232 Nam
653 2196 697 2232 et
719 2203 813 2231 non
835 2188 1027 2232 libenter
1049 2187 1122 2230 hic
1145 2201 1245 2231 esse
1267 2188 1413 2229 solent
1432 2187 1493 2242 (vt
1517 2184 1665 2239 audio)
1689 2182 1800 2234 itali,
1821 2188 1867 2224 et
1889 2182 1959 2224 fa—

319 2267 407 2310 cile
435 2266 480 2308 in
509 2266 814 2308 valetudinem
843 2265 1049 2308 incidunt
1086 2265 1324 2307 infirmam.
1357 2263 1598 2318 Reliquum
1631 2267 1699 2305 est
1726 2267 1775 2302 vt
1807 2259 1880 2303 vel
1903 2272 1959 2300 ex

324 2342 575 2395 Flandriae,
602 2344 672 2385 vel
696 2357 750 2385 ex
774 2342 922 2386 Rheni
945 2342 1179 2398 prouincia
1200 2341 1326 2384 illum
1349 2342 1406 2385 de
1427 2355 1563 2383 manu
1587 2347 1681 2391 tua,
1703 2340 1855 2387 Pater,
1881 2349 1958 2378 ac-

320 2420 502 2476 cipiam,
528 2419 565 2462 51
587 2419 667 2461 tibi
691 2419 912 2463 videatur.
940 2419 1051 2462 Mihi
1078 2418 1161 2462 erit
1191 2426 1371 2475 gratum
1394 2416 1618 2460 vtrumuis
1641 2429 1666 2458 e
1689 2422 1766 2457 tua
1794 2413 1954 2455 volun-

326 2503 417 2541 tate
453 2496 537 2539 erit
580 2498 852 2552 profectum.
894 2497 1134 2552 Imagines,
1175 2495 1504 2548 annotationes,
1540 2501 1585 2537 et
1623 2489 1972 2540 meditationes,¹

320 2588 467 2629 quum
500 2588 590 2616 non
628 2572 793 2628 possim
824 2573 1051 2628 praesenti
1083 2572 1296 2616 exhibere
1335 2570 1653 2622 Harle1ni0b⁵,
1689 2567 1865 2610 mittam
1904 2564 1961 2606 ad

323 2665 432 2695 eum
455 2649 726 2702 Louanium,
752 2650 823 2692 vel
846 2656 993 2702 antea,
1019 2650 1091 2692 vel
1113 2655 1236 2693 certe
1258 2648 1334 2691 vbi
1356 2654 1610 2692 reuertetur
1633 2646 1678 2688 in
1708 2657 1837 2687 suam
1858 2655 1962 2698 pro-

400 2775 421 2796 a
462 2768 639 2813 Archet.,
660 2768 886 2803 onium-b
902 2768 1079 2812 Archet.,
1098 2767 1326 2802 Horleom'o.

402 2869 411 2888 ¹
464 2869 522 2903 Ex
556 2869 783 2915 archetypo,
815 2868 855 2903 in
889 2869 1018 2914 Epist.
1048 2867 1201 2912 NataL,
1238 2868 1289 2913 ΙΙ,
1324 2866 1470 2913 duplici
1500 2866 1582 2908 fol„
1616 2875 1685 2910 244
1717 2862 1832 2909 (172).
1865 2859 1970 2895 Vide

323 2927 450 2974 epist.
476 2935 558 2972 597,
578 2927 641 2963 cui
659 2928 755 2962 haec
780 2927 1003 2974 respondet.

401 2989 414 3008 2
465 2987 635 3032 Joannes
654 2987 913 3022 Rabenstein.
938 2986 1039 3022 Vide
1058 2986 1320 3031 AGRICOLAM‚
1343 2985 1419 3021 loc.
1445 2985 1537 3031 cit.,
1557 2984 1647 3020 dec.
1671 2983 1741 3027 IV,
1760 2994 1803 3017 n.
1831 2990 1911 3026 199.

399 3045 415 3067 ³
466 3046 526 3081 De
545 3046 593 3082 P.
619 3045 830 3090 Hademio,
855 3045 945 3080 vide
965 3045 1080 3092 epist.
1101 3044 1182 3089 586.
