2101 3348
724 232 766 259 12
792 223 1056 259 SEPTEMBms
1085 223 1174 267 1566
1650 221 1719 257 233

129 331 287 368 trattar
310 325 383 368 del
407 326 542 369 modo
571 326 616 368 di
645 326 752 369 farsi
781 331 978 368 accettar
1007 326 1081 369 nel
1108 340 1299 369 numero
1326 326 1384 369 de
1411 324 1761 379 confessionisti‚

129 417 209 458 per
232 401 421 458 rispetto
445 403 489 445 di
513 404 617 458 quel
639 404 821 447 decreto
844 403 899 446 de
928 404 971 446 la
997 402 1118 445 dieta
1147 409 1426 459 augustana,
1458 402 1489 444 il
1515 402 1621 457 qual
1643 402 1762 444 5013-

130 486 281 522 mente
304 486 478 522 accetta
501 481 543 523 la
568 480 757 535 religion
780 480 1002 522 catholica
1025 494 1209 522 romana
1231 487 1276 522 et
1303 480 1345 523 la
1367 486 1483 523 setta
1504 479 1562 522 de
1582 480 1625 521 13
1647 493 1761 522 6011-

130 555 293 598 fession
319 563 589 612 augustana,
616 564 661 600 et
682 571 789 612 pare
812 558 895 600 che
917 557 1015 599 loro
1033 571 1182 599 uanno
1205 557 1427 600 cercando
1444 557 1577 598 modo
1593 556 1637 598 di
1654 571 1761 612 per-

125 633 318 675 suadere
339 648 364 675 a
387 633 521 688 quelli
544 633 601 676 de
622 633 663 675 la
686 632 809 676 detta
830 632 1114 676 confessione
1136 640 1407 689 augustana,
1433 635 1517 676 che
1539 648 1650 675 sono
1668 648 1759 676 una

126 722 232 751 cosa
255 723 339 751 con
357 710 468 761 loro,
495 716 539 753 et
562 725 641 765 per
664 710 725 752 tal
747 710 908 753 effetto
931 723 980 752 se
1003 709 1186 752 intende
1209 712 1293 754 che
1315 710 1454 753 molto
1482 710 1527 751 in
1557 711 1698 753 breue
1720 710 1758 753 51

124 786 274 836 hanno
292 801 317 828 a
334 786 556 829 radunare
578 785 654 845 [in]
671 792 692 813 a
708 786 921 838 Elfordia,
937 794 981 828 et
999 785 1035 829 si
1054 794 1213 841 reputa
1227 788 1415 830 sarebbe
1431 787 1569 829 molto
1583 788 1758 842 grande

122 861 471 907 inconueniente
495 864 717 906 facessino
742 864 801 907 tal
825 863 1007 916 unione3
1035 870 1079 905 et
1102 864 1189 905 ben
1213 863 1249 906 51
1272 866 1405 907 crede
1428 865 1510 906 che
1534 863 1578 905 in
1601 863 1758 907 realita

119 953 212 981 non
235 940 276 983 la
299 940 502 992 faranno,
528 942 695 995 perche
719 940 923 997 ogniuno
947 943 1047 983 sara
1071 940 1266 982 ostinato
1290 941 1330 982 al
1360 955 1442 982 suo
1472 940 1604 982 solito
1636 941 1754 983 nella

117 1030 199 1058 5113
223 1016 448 1071 opinione,
475 1032 548 1059 ma
571 1032 659 1060 con
682 1019 873 1072 qualche
896 1016 1159 1073 apparentia
1182 1018 1399 1072 potrebbe
1417 1032 1567 1061 essere
1584 1017 1620 1059 si
1638 1019 1755 1059 sfor-

120 1092 295 1136 zassino
331 1093 362 1135 li
398 1094 622 1137 caluinisti
652 1095 697 1137 di
727 1095 1019 1151 coniungersi
1047 1109 1133 1137 con
1156 1095 1185 1136 li
1214 1093 1562 1137 confessionisti.
1595 1096 1754 1137 Tratto

118 1169 245 1213 detto
263 1170 461 1214 cardinal
478 1172 707 1215 Granvela
724 1186 810 1214 con
833 1173 926 1216 Sua
948 1173 1056 1224 Sta,
1083 1171 1468 1233 rapresentandoli
1490 1173 1573 1213 che
1596 1172 1751 1214 sareb—

119 1246 176 1289 be
200 1247 335 1289 molto
358 1247 618 1303 espediente
641 1263 855 1304 procurar
878 1249 921 1291 la
938 1248 1177 1292 disunione
1201 1249 1266 1290 sra
1288 1248 1437 1303 quelle
1460 1248 1549 1291 due
1572 1255 1687 1290 sette
1710 1249 1752 1290 al

118 1329 268 1380 tempo
290 1326 374 1368 che
397 1331 610 1368 staranno
633 1324 680 1367 in
703 1326 920 1380 Elfordia,
945 1333 990 1369 et
1013 1327 1158 1368 anche
1181 1342 1203 1369 a
1229 1326 1323 1369 Sua
1345 1325 1436 1369 Sta
1462 1339 1591 1381 passe
1613 1326 1747 1377 bene,

114 1415 186 1443 ma
214 1415 306 1443 non
344 1400 374 1442 li
408 1416 652 1445 occorreua
684 1417 814 1447 mezo
847 1403 924 1458 piu
962 1403 1004 1445 al
1042 1402 1288 1458 proposito,
1315 1404 1399 1446 che
1429 1402 1750 1444 raccomandar

113 1485 270 1532 questa
293 1493 397 1521 cosa
421 1493 445 1522 a
468 1479 605 1534 quelli
628 1480 684 1522 de
705 1480 748 1522 la
771 1479 1054 1536 Compagnia
1076 1486 1229 1522 nostra
1258 1479 1303 1521 di
1336 1478 1597 1530 Germania,
1623 1478 1748 1521 accio

110 1569 191 1611 per
213 1570 260 1598 se
283 1563 327 1597 et
349 1570 430 1611 per
451 1556 551 1599 altri
574 1557 859 1613 cognosciuti
884 1557 1107 1601 facessino
1130 1557 1322 1612 qualche
1344 1558 1434 1599 bon
1460 1555 1623 1607 officio,
1644 1571 1748 1612 pre-

107 1640 295 1687 suposto
318 1634 402 1676 che
424 1634 466 1676 la
488 1633 727 1678 disunione
750 1634 795 1677 di
818 1642 997 1677 costoro
1021 1642 1150 1677 torna
1173 1633 1218 1676 in
1243 1634 1389 1677 utilita
1411 1634 1584 1689 grande
1615 1634 1672 1676 de
1704 1634 1747 1676 la

108 1708 261 1752 chiesa
283 1710 519 1763 catholica,
541 1725 668 1754 come
691 1713 835 1755 anche
858 1711 888 1753 il
911 1712 1152 1754 contrario.
1177 1712 1278 1754 Hor
1301 1712 1358 1754 V.
1381 1712 1434 1753 R.
1462 1711 1578 1753 ueda
1596 1725 1644 1754 se
1662 1725 1744 1766 po-

111 1787 178 1828 tra
195 1787 262 1828 far
283 1787 474 1841 qualche
497 1789 586 1830 bon
610 1788 757 1831 officio
790 1804 815 1831 a
847 1796 1008 1844 questo
1030 1788 1276 1844 proposito.
1304 1789 1409 1843 Qua
1433 1787 1473 1830 ci
1497 1802 1745 1831 occorreua

109 1863 194 1906 che
214 1864 245 1904 l’
271 1865 411 1907 Illmo.
439 1865 638 1908 cardinal
660 1867 704 1907 d'
730 1866 945 1922 Augusta
969 1873 1012 1910 et
1035 1865 1170 1910 etiarn
1194 1866 1225 1906 l’
1246 1866 1433 1909 elettore
1457 1864 1739 1920 magontino,

107 1937 153 1980 in
175 1939 246 1982 6111
271 1939 438 1983 diocesi
461 1943 485 1984 e
509 1942 723 1994 Elfordia,
745 1942 950 1998 potriano
969 1942 1045 1998 qui
1068 1944 1135 1985 far
1154 1942 1346 1997 qualche
1364 1956 1469 1985 cosa
1490 1942 1625 1984 bona.
1650 1943 1742 1984 Po-

106 2017 261 2059 trebbe
283 2020 427 2062 anche
449 2018 565 2061 assai
588 2019 733 2062 aiutar
754 2020 784 2061 il
802 2019 958 2076 signor
974 2020 1091 2062 duca
1114 2019 1157 2061 di
1183 2018 1375 2063 Bauiera
1397 2020 1426 2071 ¹,
1448 2020 1613 2074 perche
1634 2017 1740 2060 tutti

102 2093 249 2147 questi
272 2095 477 2150 potriano
501 2098 641 2138 hauer
659 2096 788 2139 amici
812 2097 868 2140 de
891 2097 933 2139 la
956 2096 1092 2139 istesa
1110 2095 1398 2139 confessione
1416 2103 1688 2151 augustana,
1710 2095 1741 2136 11

45 2163 49 2170 ’
101 2170 222 2224 quali
245 2170 282 2213 51
304 2172 527 2215 facessino
550 2173 703 2229 capaci
724 2174 780 2217 de
805 2174 847 2217 la
869 2173 1121 2217 differentia
1144 2176 1228 2215 che
1251 2174 1321 2215 c'e
1339 2173 1442 2216 dell'
1464 2187 1554 2214 una
1576 2180 1692 2216 setta
1715 2187 1741 2216 a

101 2246 131 2288 l’
145 2247 271 2299 altra,
286 2255 331 2290 et
349 2263 475 2292 come
493 2249 521 2292 li
541 2250 783 2303 caluinisti‚
798 2250 1007 2293 intrando
1025 2265 1109 2293 con
1129 2257 1288 2305 questo
1304 2250 1441 2301 color,
1456 2250 1740 2305 pretendono

103 2322 210 2366 tirar
238 2325 342 2367 tutti
372 2326 401 2367 li
431 2327 530 2369 altri
560 2328 634 2371 alli
664 2328 763 2371 suoi
791 2328 956 2380 errori,
989 2335 1075 2371 etc.
1109 2329 1249 2370 Forsa
1281 2327 1560 2383 giouarebbe
1589 2328 1672 2369 che
1701 2326 1737 2369 51

103 2400 312 2445 scriuessi
336 2403 497 2446 alcuna
518 2405 678 2449 lettera
700 2406 833 2457 bona,
859 2413 904 2447 et
927 2405 964 2448 51
993 2405 1220 2461 spargessi
1250 2405 1316 2446 fra
1343 2404 1375 2446 li
1404 2403 1738 2446 confessionisti

103 2475 148 2518 in
171 2493 302 2521 nome
324 2480 369 2521 di
392 2481 554 2523 alcuno
576 2496 601 2524 a
623 2482 719 2524 loro
741 2497 831 2524 non
853 2481 1049 2538 ingrato,
1076 2496 1102 2524 o
1125 2496 1260 2524 senza
1283 2495 1438 2533 nome,
1462 2482 1505 2523 la
1528 2481 1632 2536 qual
1667 2487 1737 2522 to—

102 2555 236 2597 chase
263 2555 293 2597 11
324 2557 603 2601 fundamenti
636 2560 692 2603 de
720 2559 761 2600 la
791 2559 1005 2602 diuersita
1034 2560 1102 2601 fra
1129 2558 1265 2613 quelli
1294 2557 1390 2610 doi,
1416 2564 1502 2600 etc.
1531 2559 1566 2600 F
1570 2572 1671 2600 orsa
1704 2557 1736 2599 il

99 2629 252 2686 signor
279 2634 383 2676 D.⁰r
407 2634 601 2678 Martino
631 2636 915 2692 Esengrenio
937 2637 951 2656 ²
977 2636 1197 2692 potrebbe
1227 2636 1293 2678 far
1322 2635 1513 2690 qualche
1551 2648 1656 2677 6053
1688 2634 1734 2676 di

166 2727 187 2747 a
235 2721 279 2756 In
298 2728 429 2757 nostro
448 2724 669 2770 apographo
689 2723 933 2760 desideratur
950 2725 1046 2760 haec
1065 2724 1270 2771 particula.

171 2799 179 2818 ¹
232 2798 418 2835 Albertus
438 2800 492 2835 V.

165 2857 178 2877 ²
228 2857 439 2894 «Martinus
464 2858 697 2905 Eisengrein
731 2860 836 2907 (1535
855 2881 868 2887 -
890 2861 991 2907 1578)
1025 2859 1314 2906 stugartiensis‚
1338 2860 1418 2907 qui,
1453 2860 1492 2895 in
1520 2859 1732 2895 lutherani-

93 2924 174 2948 smo
197 2915 397 2962 educatus,
425 2917 494 2952 sed
522 2919 777 2954 Vindobonae
803 2920 851 2954 ad
870 2920 1076 2955 ecclesiam
1095 2920 1326 2955 catholicam
1352 2919 1553 2964 reductus,
1581 2917 1729 2953 ibidem

95 2972 186 3008 artis
205 2975 392 3010 oratoriae
417 2975 612 3022 professor
630 2977 669 3012 in
687 2977 944 3013 universitate
964 2983 1004 3013 et
1021 2978 1231 3014 canonicus
1258 2978 1298 3013 in
1325 2977 1492 3013 ecclesia
1516 2975 1730 3012 cathedrali

96 3036 191 3078 erat,
224 3033 376 3068 Alberti
401 3035 436 3069 V
460 3034 627 3071 invitatu
651 3035 813 3072 ineunte
843 3048 944 3072 anno
973 3037 1062 3082 1562
1088 3037 1373 3083 Ingolstadiurn
1397 3036 1527 3077 venit,
1554 3041 1596 3070 ut
1620 3045 1732 3081 paro—
