2101 3348
324 217 393 253 668
837 214 975 249 EPIST.
1005 214 1050 248 P.
1078 213 1274 248 NADAL—
1279 221 1350 258 557

276 317 458 361 uincial.
485 318 549 359 Fa
573 323 749 371 troppo,
775 330 855 371 per
877 315 920 358 la
947 329 1030 358 sua
1059 314 1200 357 carita
1221 315 1249 357 ¹.
1286 315 1389 357 Vixi
1421 318 1461 357 et
1487 315 1605 373 vino·
1624 314 1836 357 hilariter
1859 316 1908 357 in

276 395 476 437 Domino
499 407 599 435 cum
623 392 845 435 Patribus
867 395 907 434 et
920 392 1176 450 fratribus.
1204 391 1267 435 Mi
1290 399 1421 435 sento
1453 391 1636 448 miglior
1658 392 1730 434 del
1760 399 1908 434 catar-

278 486 343 514 ro.
370 472 511 526 Spero
534 471 618 513 che
638 468 702 511 aq>
728 484 803 513 aer
826 468 887 512 mi
910 469 1008 512 sera
1030 468 1239 525 propitio.
1266 469 1301 511 Ι1
1322 468 1409 512 sito
1431 469 1547 511 della
1570 469 1723 512 terrab
1745 469 1768 512 6
1792 469 1906 511 mol-

276 555 325 591 to
347 548 482 590 bono.

367 638 406 679 3.
473 623 647 668 Salutai
669 625 712 666 la
734 623 892 679 regina
909 623 1181 679 Magdalena
1198 623 1255 665 da
1271 629 1400 678 parte
1418 622 1463 665 di
1480 624 1535 666 V.
1560 625 1613 665 P.
1635 629 1681 666 et
1697 623 1761 679 gli
1779 622 1903 665 offeri

276 703 320 744 la
342 701 486 758 pietra
509 701 554 743 di
575 702 772 744 baassar.
799 702 870 744 De
898 707 1018 743 tutto
1046 699 1083 743 si
1112 701 1306 756 rallagrc')
1335 701 1491 752 molto,
1524 707 1569 743 et
1597 703 1765 743 mostrf)
1798 714 1909 742 con-

277 778 466 822 tentarsi
487 779 627 821 molto
649 778 722 822 del
744 777 976 829 donatiuo,
1003 777 1197 822 dicendo
1221 779 1308 821 che
1330 777 1361 819 il
1384 778 1650 833 emperador
1672 791 1755 820 suo
1771 778 1910 833 padre

277 869 336 898 ne
365 856 519 898 soleua
547 855 628 898 dar
656 861 673 882 e
692 870 717 897 a
746 854 813 898 soi
841 854 1016 910 figlioli‚
1048 870 1121 897 ma
1148 869 1279 910 poca,
1306 861 1350 897 et
1379 856 1464 899 che
1486 855 1635 909 quella
1665 854 1807 910 pietra
1836 869 1911 897 era

281 933 470 989 grande.
498 932 616 976 Viue
644 933 743 974 sine
773 932 880 974 aula
909 946 1009 974 cum
1033 932 1130 974 suis
1160 932 1441 989 virginibus.
1473 919 1510 974 E
1539 946 1628 975 vna
1659 932 1833 987 grande
1867 938 1911 975 et

278 1021 410 1053 santa
432 1009 637 1066 vergine.
665 1009 753 1054 Gia
774 1012 833 1052 ho
856 1016 1024 1066 ‘troppo>
1039 1009 1230 1066 fatigato
1254 1010 1340 1052 alla
1364 1011 1417 1052 P.
1443 1010 1500 1052 V.
1527 1023 1613 1051 con
1636 1008 1665 1050 il
1688 1009 1776 1051 mal
1798 1008 1913 1051 scri-

279 1102 360 1131 uer
382 1087 486 1130 rnio.
515 1087 714 1132 Scriuirb
739 1086 896 1143 alguni
917 1086 1173 1142 particolari
1195 1087 1236 1129 al
1261 1087 1312 1129 Ρ.
1340 1085 1559 1130 Ximenez
1587 1100 1674 1129 con
1701 1086 1743 1128 13
1766 1084 1912 1141 gratia

278 1165 353 1208 del
376 1164 559 1221 Signor.
587 1165 644 1207 V.
673 1166 724 1207 P.
751 1178 843 1206 non
865 1163 975 1207 lasci
997 1178 1076 1220 per
1102 1164 1132 1205 l'
1157 1178 1281 1206 amor
1304 1164 1377 1205 del
1405 1163 1576 1219 Signor
1603 1162 1843 1205 ricordarsi
1865 1162 1911 1204 di

276 1256 363 1294 me,
396 1248 650 1297 poueretm,
681 1242 732 1283 in
761 1242 975 1283 Domino.
1008 1240 1100 1284 Alli
1133 1240 1323 1283 orationi
1353 1247 1397 1285 et
1419 1239 1626 1283 sacrificii
1648 1239 1752 1283 delli
1775 1239 1913 1283 Padri

279 1318 509 1362 assistenti
537 1319 598 1361 mi
627 1318 887 1361 ricomando
917 1318 992 1362 nel
1021 1318 1204 1374 Signor.
1230 1301 1460 1360 Daminus
1488 1318 1547 1360 sit
1574 1317 1819 1360 nobiscum.
1852 1316 1912 1359 Di

278 1396 412 1448 Hala,
440 1408 493 1438 22
517 1395 562 1438 di
590 1395 718 1438 Iunio
747 1406 872 1450 1574.
899 1397 956 1438 D.
984 1396 1036 1438 P.
1060 1397 1117 1439 V.
1143 1409 1276 1439 seruo
1299 1395 1345 1437 in
1367 1394 1469 1448 X.⁰,

1362 1478 1392 1535 †
1425 1479 1610 1521 NADAL.
1648 1477 1676 1534 †

367 1626 528 1671 Subito
561 1627 617 1670 da
639 1627 796 1683 Ispruc
820 1626 956 1670 scriui
984 1628 1025 1670 31
1049 1627 1195 1670 Padre
1223 1626 1471 1683 prouincial
1494 1627 1606 1688 altre
1629 1640 1737 1669 cose
1759 1633 1804 1668 et
1827 1627 1913 1669 che

278 1718 371 1747 non
393 1703 558 1747 veniua
580 1719 660 1760 per
682 1704 873 1760 negocio
895 1705 1074 1757 alcum,
1100 1719 1245 1748 senon
1267 1719 1348 1760 per
1365 1718 1447 1747 sua
1468 1704 1708 1759 pecorella.
1730 1704 1835 1746 Non
1850 1704 1926 1745 ho-

279 1781 486 1838 risposta.

368 1859 612 1913 Inscriplio
634 1859 685 1901 in
702 1862 868 1914 quarta
883 1860 1080 1916 pagina,
1099 1859 1193 1901 alia
1210 1873 1374 1901 manu:
1395 1857 1425 1916 †
1446 1858 1708 1901 Admodum
1726 1857 1841 1900 Rdo.
1863 1856 1911 1898 in

279 1935 465 1979 Christo
483 1935 607 1978 Patri
630 1942 786 1979 nostro
809 1937 1073 1980 Euerhardo
1091 1935 1393 1988 Mercuriano,
1415 1934 1658 1980 Societatis
1674 1936 1785 1992 Jesu
1808 1948 1912 1990 pre-

278 2011 428 2068 posito
451 2012 668 2068 generali.
695 2014 882 2057 Romae.
914 2013 1021 2055 Alia
1045 2027 1188 2055 manu
1205 2028 1217 2055 :
1248 2014 1301 2056 P.
1337 2013 1513 2056 Natale.
1539 2012 1667 2054 Alia:
1690 2013 1744 2054 R.
1784 2022 1910 2065 1574.

278 2090 411 2132 Hala.
440 2091 493 2132 P.
522 2090 700 2133 Natale.
727 2102 781 2132 22
806 2089 850 2132 di
872 2090 1078 2146 Giugno.
1104 2090 1263 2147 Sigillz'
1285 2090 1544 2146 vestigimn.

350 2209 370 2228 a
410 2202 495 2237 Hoc
515 2204 625 2238 verb.
647 2214 762 2249 supra
787 2213 894 2237 vers.
919 2201 1068 2237 addidit
1094 2201 1225 2236 N.—b
1241 2201 1349 2248 Aut.,
1371 2204 1542 2237 tera.—c
1566 2201 1651 2235 Hoc
1670 2201 1779 2235 verb.
1800 2210 1916 2246 supra

279 2271 383 2295 vers.
405 2261 553 2296 addidit
570 2262 618 2296 N.

352 2362 361 2382 ¹
414 2360 514 2396 Vide
534 2361 703 2408 append.
728 2361 930 2408 LXXVII,
951 2367 991 2396 et
1009 2373 1118 2408 seqq.
1144 2361 1411 2396 Mercurianus
1429 2361 1598 2396 Mathiae
1616 2360 1833 2405 Lacknero,
1852 2370 1910 2393 re—

275 2419 374 2455 ctori
391 2420 542 2455 halensi
560 2422 669 2462 haec,
689 2420 752 2456 die
774 2430 814 2465 15
835 2421 928 2466 Julii
950 2429 1051 2465 1574,
1069 2420 1225 2467 scripsit
1243 2432 1312 2467 per
1325 2420 1577 2455 secretarium
1596 2430 1722 2454 suum:
1745 2420 1908 2454 «Gratas

277 2478 414 2514 habuit
431 2479 576 2526 duplici
594 2479 750 2515 nomine
768 2480 815 2514 R.
843 2481 885 2514 P.
911 2479 1106 2525 generalis
1132 2480 1239 2514 Tuae
1258 2479 1518 2514 Reuerentiae
1542 2478 1707 2524 litteras,
1733 2476 1777 2512 23
1810 2477 1909 2522 Iunii

276 2537 402 2583 datas,
427 2538 529 2585 quod
556 2550 603 2573 ex
627 2539 703 2574 illis
729 2539 936 2582 intellexit,
963 2544 1045 2574 tum
1068 2538 1315 2573 charissimos
1340 2539 1476 2573 Patres
1501 2542 1654 2572 nostros
1684 2548 1728 2571 ac
1753 2537 1908 2571 Fratres

276 2596 389 2632 istius
408 2598 564 2643 collegii
582 2610 765 2644 prospera
782 2598 839 2633 uti
858 2597 1096 2643 ualetudine,
1116 2603 1198 2632 tum
1223 2597 1324 2644 quod
1346 2597 1392 2633 R.
1420 2597 1462 2631 P.
1489 2595 1639 2632 Natalis
1665 2600 1911 2631 senectutem

275 2656 475 2692 charitatis
495 2656 632 2692 officiis
656 2657 857 2702 recreetis,
884 2662 923 2692 et
948 2656 1032 2702 ipse
1057 2668 1128 2691 uos
1152 2656 1325 2691 uicissim
1351 2661 1390 2691 et
1414 2655 1645 2691 recreationi
1671 2660 1710 2690 et
1734 2655 1915 2691 aedifica-

278 2714 374 2750 tioni
392 2716 442 2751 sit
461 2715 500 2751 in
519 2716 757 2752 Domino...»
777 2717 835 2751 Ex
860 2716 1048 2761 Regesto,
1072 2714 1166 2750 Cod.
1188 2714 1299 2761 33j),
1318 2714 1383 2751 fol.
1408 2713 1463 2750 13.
