2101 3348
378 200 446 245 728
889 204 1026 238 EPIST.
1054 203 1097 237 P.
1127 203 1398 249 NADAL—609

420 302 449 357 †
483 300 606 344 Lista
623 301 668 343 di
686 302 835 357 quello
854 304 940 347 che
958 305 1018 346 ha
1035 303 1141 346 dato
1158 304 1304 347 Nadal
1321 318 1402 360 per
1418 304 1449 346 il
1465 303 1631 348 viatico
1649 305 1722 348 del
1738 319 1821 348 suo
1838 319 1966 348 60111-

329 391 502 433 pagno.
537 390 585 420 12
610 377 760 420 fiorini
782 381 868 424 6116
890 387 1126 424 restorono
1147 379 1192 422 di
1215 380 1351 435 quelli
1374 381 1529 425 danari
1558 365 1595 424 si
1618 382 1897 438 mandorono
1918 382 1966 424 di

330 454 515 510 Spagna
536 469 617 510 per
639 468 845 511 eomprar
872 456 990 511 libri,
1022 464 1067 501 et
1088 457 1127 499 si
1159 457 1455 501 riseruauano
1477 472 1557 514 per
1580 472 1786 513 eomprar
1813 459 1964 501 alcuni

329 530 431 572 libri
453 530 580 574 scelti
603 531 688 575 alle
712 532 833 576 ferie.
862 544 885 587 5
910 534 1039 576 scudi
1056 534 1100 576 d’
1121 548 1200 577 010
1223 549 1311 590 que
1328 535 1492 578 mando
1508 534 1539 576 il
1563 537 1615 578 Ρ.
1636 535 1857 579 Ximenez
1874 550 1962 578 con

332 607 491 651 ordine
513 607 557 650 di
581 609 638 651 N.
666 610 723 651 P.
755 624 836 664 per
858 609 1071 654 riseriuer
1101 612 1144 654 16
1171 611 1468 667 annotationi,
1495 618 1581 655 616.
1614 624 1665 654 10
1688 611 1851 664 fiorini,
1877 613 1963 656 che

332 684 460 739 quasi
477 684 536 726 mi
555 686 678 741 10160
696 685 726 728 11
740 688 790 730 P.
807 688 1091 731 Auallaneda
1106 695 1126 715 a
1149 690 1176 740 ¹,
1192 695 1237 732 et
1248 687 1387 744 piglai
1401 689 1581 731 tandem
1593 703 1672 744 per
1689 688 1720 730 il
1734 687 1960 741 riseriuer,

332 775 424 803 non
441 762 660 805 bastando
679 764 735 805 da
753 764 894 820 lunga
911 765 975 820 gli
994 775 1016 819 5
1037 764 1180 807 soudi.
1204 765 1334 808 Oltra
1352 765 1396 807 di
1414 772 1593 820 questo,
1614 767 1673 808 ho
1691 766 1796 808 dato
1814 778 1842 819 4
1859 779 1965 808 scu--

333 837 378 879 di
401 839 444 880 d'
471 853 550 881 oro
572 840 659 883 6116
681 846 916 884 restorono
939 842 1011 885 del
1034 841 1201 884 viatico
1223 856 1306 884 suo
1330 856 1356 884 a
1379 841 1467 885 mio
1490 856 1762 898 eompagno,
1782 849 1827 884 et
1849 842 1887 884 si
1909 843 1968 884 ha

334 914 379 956 di
401 914 558 971 pigliar
579 915 609 958 il
631 917 782 972 precio
804 918 877 960 del
899 919 1092 973 cauallo,
1118 921 1203 963 6116
1226 933 1442 974 pensamo
1464 921 1564 962 sara
1586 920 1649 962 fin
1673 934 1698 961 a
1722 929 1774 973 25
1800 918 1964 963 fiorini.

426 993 668 1048 Inscrz‘piio
690 995 740 1036 z'n
761 999 928 1050 quarta
943 997 1139 1052 pagina,
1162 996 1256 1038 alia
1279 1011 1436 1038 manu:
1459 997 1721 1039 Admodum
1741 996 1854 1039 Rdo.
1878 998 1967 1038 Pa-

336 1068 392 1110 tri
414 1076 570 1112 nostro
595 1073 646 1113 P.
672 1072 904 1116 Euerardo
927 1063 1229 1126 Mercuriano,
1250 1073 1505 1129 praeposito
1535 1073 1735 1129 generali
1759 1072 1967 1117 Societa-

339 1144 395 1188 tis
411 1148 537 1203 Jesu.
564 1149 749 1191 Romae.
775 1150 882 1192 Alia
904 1165 1061 1192 manu:
1085 1151 1210 1204 1576.
1232 1150 1291 1193 Di
1307 1151 1439 1193 Hala.
1462 1151 1496 1193 Il
1514 1151 1566 1193 Ρ.
1589 1149 1852 1194 Gieronimo
1871 1150 1966 1192 Na-

340 1224 446 1266 tale.
475 1224 566 1267 Alli
591 1237 644 1280 23
668 1226 712 1268 di
736 1227 944 1270 Ottobre.
966 1228 1124 1285 sigilli
1141 1228 1401 1284 vestigimn.

1102 1357 1231 1397 (309

783 1443 836 1484 P.
873 1442 1283 1486 HIERONYMUS
1317 1441 1534 1484 NADAL

656 1529 838 1565 PATRI
876 1530 1208 1567 EVERARDO
1248 1527 1657 1566 MERCURIANO

829 1616 982 1652 HALAE,
1013 1616 1242 1643 NOVEMBRE
1268 1606 1313 1653 (P)
1343 1606 1432 1651 1576
1458 1609 1485 1640 ‘-'.

343 1682 401 1718 De
419 1684 614 1719 solutione
632 1687 900 1730 expensarum
924 1686 1083 1721 itineris
1107 1686 1313 1727 Zonhovii,
1331 1688 1367 1720 et
1391 1685 1437 1720 de
1460 1696 1534 1718 sua
1558 1682 1711 1729 affecta
1727 1683 1972 1726 valetudine.

435 1768 464 1825 †
489 1769 630 1811 Molto
652 1769 765 1811 Rdo.
794 1771 846 1812 P.
873 1770 930 1812 N.
958 1768 1002 1811 in
1026 1768 1111 1813 X.⁰
1136 1772 1231 1813 Pax
1254 1768 1328 1812 X.i
1357 1769 1424 1811 La
1446 1767 1600 1810 Vltima
1622 1767 1738 1810 (16113
1762 1767 1814 1809 P.
1841 1767 1898 1809 V.
1925 1767 1974 1808 fu

345 1846 494 1900 quella
516 1847 600 1888 6116
623 1846 797 1889 reseeui
819 1847 891 1903 pel
917 1848 969 1890 P.
996 1846 1224 1890 Florentio
1246 1847 1278 1898 ³,
1311 1854 1357 1888 et
1378 1860 1470 1888 non
1491 1847 1550 1887 ho
1571 1844 1688 1887 vista
1715 1843 1864 1898 quella
1891 1843 1975 1885 6116

347 1922 407 1964 1111
445 1922 605 1966 (1166113
640 1923 844 1967 11311611111
882 1923 1033 1967 scrita.
1077 1925 1129 1967 L'
1169 1922 1477 1979 impedimenti
1515 1921 1621 1966 delli
1649 1919 1812 1964 camini
1839 1934 1918 1975 per
1946 1918 1978 1961 11

349 1998 548 2055 periculo
571 2000 688 2043 della
710 2008 836 2056 peste
860 2001 959 2045 sera
983 2002 1025 2043 la
1048 2015 1185 2043 causa
1209 2003 1293 2044 che
1315 2014 1406 2042 non
1429 1999 1466 2042 si
1489 1999 1652 2042 auieno
1681 1999 1797 2042 bene
1823 1997 1864 2039 16
1893 1997 1978 2039 161-

350 2083 459 2129 1616,
487 2091 574 2120 6011
596 2078 637 2120 16
661 2078 792 2133 quale
817 2093 843 2121 0
867 2093 1002 2121 senza
1021 2079 1169 2133 quelle
1191 2092 1369 2133 sempre
1390 2077 1497 2119 viue
1518 2076 1565 2118 in
1587 2091 1659 2119 me
1680 2076 1723 2117 13
1745 2073 1914 2117 charita
1937 2080 1983 2116 et

349 2154 667 2198 beneuolentia
689 2155 709 2182 ¹³
737 2154 941 2211 singular
963 2157 1047 2199 6116
1069 2162 1086 2182 c
1117 2156 1157 2197 13
1183 2157 1234 2198 P.
1264 2156 1321 2198 V.
1348 2154 1408 2197 mi
1431 2160 1574 2210 porta.
1602 2152 1871 2195 Benedictus
1886 2151 1984 2193 Do-

352 2232 520 2273 minus.
548 2231 611 2275 Mi
634 2232 859 2277 rineresce
880 2234 1021 2276 hauer
1043 2233 1148 2275 (1310
1177 2247 1292 2288 pena
1314 2232 1400 2274 alla
1422 2233 1475 2274 P.
1502 2232 1560 2274 V.
1586 2245 1665 2285 per
1687 2229 1717 2271 11
1739 2227 1903 2271 viatico
1925 2228 1983 2275 de

421 2375 441 2395 a
479 2367 564 2412 Sic,
590 2380 657 2414 pro
687 2369 1027 2405 Avellaneda.-b
1050 2369 1159 2410 Aut.‚
1191 2368 1495 2404 benolentia.-e
1524 2365 1546 2401 3
1576 2366 1696 2400 verba
1725 2376 1834 2411 seqq.
1866 2374 1982 2410 supra

352 2438 454 2462 vers.
475 2427 623 2462 addidit
641 2427 690 2463 N.

426 2554 435 2573 ¹
488 2553 530 2587 P.
563 2552 734 2588 Didacus
764 2552 812 2588 de
839 2552 1078 2588 Avellaneda
1101 2551 1353 2586 Ratisbonam
1380 2550 1428 2586 ad
1457 2549 1614 2585 comitia
1644 2549 1752 2584 venit
1782 2549 1854 2583 hoc
1884 2557 1985 2582 anno

353 2624 442 2648 cum
461 2612 681 2647 marchione
700 2611 748 2646 de
774 2612 974 2656 Almazan,
994 2617 1143 2646 oratore
1170 2611 1273 2656 regis
1298 2609 1522 2656 Hispaniae.
1544 2608 1603 2644 Cf.
1626 2608 1893 2652 AGRICOLAM,
1912 2607 1983 2642 loc.

355 2672 448 2717 cit.,
467 2671 556 2706 dec.
581 2671 647 2716 IV,
667 2683 707 2708 n.
729 2670 808 2714 1833
829 2676 868 2705 et
887 2670 1150 2712 SACCHINUM‚
1171 2671 1247 2704 loc.
1271 2669 1354 2710 cit.,
1374 2674 1472 2715 part.
1498 2668 1565 2713 IV,
1585 2668 1651 2702 lib.
1679 2667 1745 2711 IV,
1765 2679 1803 2701 n.
1824 2665 1888 2711 84.

426 2734 439 2753 ²
491 2731 548 2765 Ex
571 2731 824 2776 autographo,
850 2729 889 2764 in
914 2729 1040 2774 Epist.
1067 2729 1220 2772 Natal„
1248 2729 1298 2769 II,
1318 2726 1463 2773 duplici
1483 2726 1562 2771 fol.,
1585 2735 1654 2771 252
1678 2726 1792 2770 (165).
1821 2723 1989 2771 Quando

354 2792 450 2826 haee
468 2790 631 2836 epistola
649 2789 739 2824 data
755 2787 885 2832 fuerit,
903 2800 980 2824 non
997 2794 1162 2823 constat.
1180 2789 1381 2833 Attamen,
1397 2792 1478 2822 tum
1493 2786 1595 2833 quod
1609 2785 1773 2831 singulis
1789 2783 1988 2819 mensibus

355 2850 527 2885 scribere
551 2849 689 2884 solitus
710 2848 829 2884 fuerit
853 2847 1016 2891 Natalis,
1041 2858 1114 2882 nec
1143 2848 1264 2882 altera
1294 2846 1458 2892 epistola
1488 2846 1559 2880 1106
1591 2856 1723 2880 mense
1754 2842 1990 2878 Novembris

355 2909 499 2955 scripta
522 2908 749 2955 reperiatur,
775 2912 856 2942 tum
875 2919 923 2942 ex
942 2908 1058 2942 rebus
1078 2906 1116 2941 in
1135 2917 1180 2941 ea
1205 2905 1383 2950 narratis,
1403 2915 1537 2943 mense
1556 2904 1780 2939 Novembre
1805 2902 1853 2937 ad
1870 2902 1989 2937 finem

356 2974 544 3014 vergente
563 2968 668 3003 illam
686 2966 816 3002 datam
834 2966 955 3001 fuisse
974 2966 1076 3001 haud
1094 2964 1348 3012 improbabile
1370 2963 1536 2999 videtur.

429 3029 442 3049 5
493 3027 593 3062 Vide
613 3027 726 3074 epist.
749 3026 831 3072 596;
850 3026 935 3071 6053
957 3031 996 3061 et
1013 3024 1098 3061 608.
