2101 3348
391 235 460 278 256
904 231 1046 265 EPIST.
1077 229 1119 263 P.
1149 228 1300 263 NADAL
1308 227 1422 274 —437

343 336 541 379 uendere
562 347 642 388 per
664 332 829 385 niente)
854 331 898 372 in
923 330 1102 374 Vienna
1124 329 1170 371 in
1189 329 1253 373 sei
1277 329 1443 385 giorni:
1470 345 1543 373 ma
1561 331 1636 373 noi
1659 346 1899 388 pagammo
1926 335 1985 376 28

344 410 489 453 fiorini
508 424 532 452 a
550 409 626 451 doi
643 407 877 459 barcaroli,
898 414 943 451 et
961 408 1002 449 le
1020 420 1150 462 spese
1174 413 1195 433 ³
1218 407 1313 450 fece
1336 406 1465 462 quasi
1488 406 1517 449 il
1541 408 1767 452 cardinale
1790 416 1834 452 et
1856 410 1980 454 stetti

341 488 388 529 in
410 487 587 530 Vienna
617 484 886 541 Iobgiorni,
913 483 957 526 di
986 484 1103 526 done
1134 483 1262 539 partij
1297 498 1322 526 a
1352 496 1401 538 13
1425 484 1468 526 d’
1495 485 1674 540 Agosto
1697 500 1776 541 per
1800 487 1978 542 Tyma—

345 564 433 616 uia,
459 564 577 606 doue
609 561 732 605 stetti
765 568 945 617 quattro
977 575 1003 603 o
1037 560 1200 615 cinque
1223 559 1389 616 giomi,
1425 560 1590 604 Tornai
1622 576 1702 617 per
1736 563 1974 616 Possonio,

343 643 461 684 doue
482 639 606 683 stetti
631 654 690 681 un
714 639 890 695 giorno,
916 638 961 680 di
984 639 1102 680 doue
1127 637 1260 680 andai
1290 653 1315 681 a
1343 637 1579 681 Olomutio
1602 638 1648 681 in
1676 639 1903 692 Morauia,
1930 647 1976 684 et

343 719 404 761 iui
427 717 551 761 stetti
574 723 753 772 quattro
776 715 940 771 giorni,
966 715 1175 759 andando
1197 730 1223 757 a
1246 714 1506 768 Cremsirio,
1532 716 1649 758 doue
1672 724 1741 759 sta
1763 717 1793 758 il
1816 731 1978 759 vesco-

342 811 401 839 uo
424 798 432 817 ¹
458 802 637 850 quattro
660 793 815 849 miglia
836 789 1034 835 diseosro
1056 793 1114 835 da
1139 792 1394 845 Olomucio;
1423 792 1467 834 di
1497 792 1573 848 qui
1601 793 1734 836 andai
1758 809 1783 836 a
1807 796 1973 850 Praga,

341 875 458 916 doue
480 871 666 915 dimorai
695 871 743 913 18
768 885 794 912 o
823 883 874 927 19
903 870 1076 926 giorni,
1103 870 1385 926 partendomi
1414 869 1458 912 di
1489 870 1597 913 lain
1628 871 1900 914 Casanuoua
1932 878 1976 915 et

343 952 550 995 Trebona
574 948 631 991 mi
655 948 810 992 fermai
834 955 900 991 tre
930 947 1094 1004 giomi,
1121 955 1166 991 et
1198 947 1243 989 di
1266 948 1307 990 la
1331 955 1455 991 recta
1477 963 1556 1003 per
1578 948 1817 1004 Salisburg
1841 948 1977 992 uenni

341 1044 367 1072 a
389 1035 548 1083 questo
577 1026 768 1082 collegio
796 1040 883 1068 con
910 1026 952 1068 la
975 1024 1122 1081 gratia
1151 1025 1221 1067 del
1255 1025 1468 1081 Signore.
1495 1024 1548 1068 Li
1570 1024 1644 1067 doi
1674 1025 1858 1081 pericoli
1891 1029 1977 1070 che

339 1119 593 1162 passammo
630 1104 660 1145 il
691 1103 854 1159 giorno
887 1104 971 1145 che
1009 1095 1248 1158 partimino
1280 1103 1337 1145 da
1369 1101 1555 1158 Dilinga
1589 1109 1634 1146 et
1665 1102 1708 1144 la
1740 1102 1895 1159 vigilia
1930 1104 1976 1146 di

341 1185 389 1228 S.
415 1182 621 1226 Giacobo
644 1181 716 1223 nel
739 1180 982 1223 Dannubio
1007 1179 1168 1222 furono
1192 1180 1380 1235 grande,
1406 1186 1451 1223 et
1473 1180 1668 1223 leuando
1691 1180 1841 1234 quello
1859 1181 1974 1224 della

341 1260 621 1315 Lampedosa
638 1259 651 1278 ‘²
677 1265 721 1301 et
744 1259 820 1299 un'
846 1257 959 1300 altro
981 1256 1026 1298 in
1050 1272 1142 1299 una
1165 1256 1322 1300 semita
1342 1271 1476 1312 sopra
1498 1256 1528 1298 il
1547 1258 1706 1300 Rheno
1726 1271 1856 1300 uerso
1874 1260 1973 1301 Ma-

342 1337 517 1394 gunda,
543 1351 632 1378 non
657 1335 716 1377 mi
740 1335 915 1377 ricordo
938 1336 1080 1378 hauer
1109 1341 1288 1389 passato
1320 1333 1505 1389 pericoli
1528 1333 1773 1390 maggiori,
1798 1335 1974 1378 benehe

343 1413 476 1469 dopoi
499 1414 543 1455 in
568 1412 769 1456 Morauia
792 1418 916 1455 certo
939 1412 1113 1454 soldato
1136 1425 1161 1453 a
1184 1411 1358 1453 cauallo
1376 1425 1462 1453 eon
1480 1410 1698 1466 arcobugi
1727 1417 1760 1462 0,
1787 1413 1871 1454 Che
1894 1426 1978 1453 an—

342 1492 458 1533 daua
480 1505 563 1533 con
588 1489 704 1542 altri,
731 1503 809 1544 ρετ
831 1503 922 1530 non
945 1487 974 1530 li
997 1488 1158 1531 cedere
1181 1487 1210 1529 il
1233 1494 1388 1530 nostro
1417 1486 1653 1531 eoeehiero
1676 1488 1795 1531 nella
1817 1487 1905 1540 via,
1931 1495 1977 1531 et

341 1568 594 1611 hauendolo
617 1566 729 1609 fatto
752 1573 932 1610 entrare
953 1565 998 1607 in
1023 1565 1134 1609 certi
1165 1564 1345 1620 sanghi,
1372 1565 1501 1607 torno
1531 1571 1687 1606 eontra
1716 1564 1760 1606 di
1789 1565 1863 1607 noi
1892 1579 1977 1607 eon

342 1647 371 1687 l’
392 1644 639 1700 arcobugio
656 1644 675 1670 d
703 1658 788 1686 eon
809 1658 897 1686 una
916 1643 1030 1685 furia
1048 1642 1297 1694 barbarica,
1313 1644 1397 1684 che
1410 1643 1636 1685 hebbemo
1652 1641 1767 1684 assai
1781 1644 1865 1685 che
1885 1643 1978 1685 fare

343 1738 421 1778 per
448 1737 601 1765 mezzo
630 1721 674 1763 di
706 1721 855 1777 quello
884 1722 968 1763 che
997 1735 1164 1776 sapeua
1193 1720 1389 1775 parlare,
1415 1720 1462 1761 id
1489 1723 1571 1771 est,
1595 1718 1903 1774 Sigismondo,
1930 1718 1974 1761 in

342 1800 620 1842 domandarli
653 1800 852 1855 perdono
883 1814 960 1854 per
989 1805 1124 1841 conto
1153 1799 1225 1840 del
1253 1797 1504 1840 Cocchiero.
1532 1796 1609 1841 Sia
1637 1792 1910 1852 ringraciato
1944 1796 1975 1839 il

342 1877 537 1933 Signore
560 1879 643 1920 Che
666 1876 705 1918 01
728 1879 785 1919 ha
808 1875 996 1918 liberato
1019 1877 1074 1918 da
1091 1882 1252 1930 questo
1271 1881 1315 1917 et
1333 1874 1459 1916 molti
1482 1874 1582 1916 altri
1600 1873 1780 1929 pericoli
1800 1873 1974 1917 occorsi

342 1955 550 1996 andando
572 1953 615 1995 in
641 1954 787 2007 quelle
809 1953 956 1995 bande
981 1953 1047 1995 fra
1069 1951 1247 2003 soldati,
1274 1951 1402 2006 quasi
1427 1950 1531 1993 tutti
1553 1950 1757 1994 heretici.

433 2043 472 2072 2.
539 2032 587 2072 In
612 2030 786 2073 Vienna
809 2030 893 2072 feci
916 2029 979 2085 gli
1002 2028 1216 2084 essereitij
1243 2028 1347 2073 miei
1369 2027 1655 2083 ordinarijdi
1687 2027 1897 2071 essamini
1929 2034 1974 2071 et

342 2107 619 2150 confessioni
637 2114 653 2133 Ε
676 2107 878 2163 generali
901 2114 945 2149 et
963 2106 1264 2157 essortationi,
1287 2105 1324 2147 si
1341 2105 1614 2147 rinouarono
1632 2104 1662 2146 li
1679 2104 1788 2156 voti,
1810 2106 1985 2160 perche·

343 2198 433 2225 non
456 2183 484 2224 li
508 2185 744 2226 haueuano
767 2184 963 2226 rinouati
986 2185 1027 2226 al
1049 2198 1132 2225 suo
1163 2191 1333 2238 tempo,
1367 2181 1712 2237 aspettandomi.
1739 2181 1788 2225 Si
1817 2181 1914 2224 fece
1945 2181 1976 2223 il

343 2260 533 2316 disegno
556 2260 600 2302 di
623 2268 798 2303 mutare
820 2260 849 2302 il
867 2260 1144 2315 prouinciale
1163 2261 1176 2280 ³
1202 2267 1246 2302 et
1264 2259 1294 2301 il
1312 2266 1498 2312 rettore,
1520 2265 1563 2302 et
1584 2259 1675 2302 fare
1698 2258 1974 2314 prouinciale

342 2337 373 2379 il
414 2339 464 2380 P.
506 2339 708 2381 Lorenzo
747 2338 948 2393 Maggio,
988 2345 1154 2381 rettore
1190 2338 1220 2380 il
1261 2340 1311 2380 P.
1357 2336 1561 2379 Emerieo
1580 2337 1611 2388 ⁴,
1644 2335 1674 2377 il
1707 2335 1910 2378 ministro
1943 2334 1973 2377 il

344 2415 396 2458 P.
430 2413 658 2457 Giovanni
686 2414 905 2466 Nicola03
938 2430 1009 2457 ma
1042 2422 1201 2470 questo
1235 2429 1328 2456 non
1362 2413 1398 2455 si
1432 2413 1640 2456 essecuto
1668 2412 1969 2468 pienamente,

414 2533 434 2553 a
471 2536 493 2571 4
512 2527 630 2561 verba
648 2538 758 2572 seqq.
779 2526 925 2560 addidit
944 2527 1029 2561 libr.
1051 2539 1164 2573 supra
1186 2526 1359 2561 vers.—b
1383 2524 1641 2560 Emendatum
1657 2536 1677 2559 a
1691 2524 1782 2560 libr.
1803 2536 1851 2559 ex
1866 2533 1972 2568 17.--

342 2594 359 2613 c
389 2585 645 2621 Emendatum
670 2597 690 2620 a
714 2585 762 2620 N.
789 2597 837 2620 ex
862 2587 1089 2633 arcobztgio.
1112 2586 1163 2613 -d
1191 2585 1448 2621 Emendatum
1474 2596 1494 2619 a
1520 2584 1569 2619 N.
1591 2596 1639 2619 ex
1665 2585 1695 2618 li
1718 2584 1974 2630 arcobztgi.-

340 2654 357 2672 e
392 2645 620 2690 Emendata‚
644 2656 742 2691 quae
764 2652 995 2691 sequuntur,
1024 2658 1044 2680 a
1078 2646 1164 2680 libr.
1192 2657 1240 2680 ex
1255 2645 1458 2692 generali,
1489 2656 1569 2679 non
1599 2644 1634 2678 si
1665 2644 1912 2678 rinouarono
1943 2642 1974 2677 li

346 2706 428 2740 voti
441 2705 581 2752 perch&
601 2704 648 2739 li.

419 2808 428 2828 ¹
481 2806 712 2841 Guilielrnus
732 2804 1046 2851 Prussinowsky.

413 2868 426 2887 ‘²
479 2866 665 2912 Loquitur
683 2865 730 2900 de
750 2864 950 2910 naufragio
969 2864 1070 2899 eirea
1089 2864 1254 2899 insulam
1274 2864 1571 2911 Lampadosam‚
1597 2864 1646 2898 ab
1671 2863 1754 2910 ipso
1779 2874 1906 2909 passo,
1934 2866 1979 2897 ut

342 2926 425 2972 ipse
445 2930 572 2968 narrat
590 2925 628 2959 in
647 2925 811 2970 epistola
829 2924 876 2958 ad
895 2924 942 2958 P.
967 2924 1108 2966 Vinck,
1132 2924 1262 2969 Epist.
1287 2924 1450 2967 Natal.,
1469 2924 1502 2968 Ι,
1525 2932 1608 2968 109.

413 2985 427 3004 ³
478 2984 728 3019 provincialis
748 2989 829 3018 erat
848 2983 1029 3018 Nicolaus
1050 2983 1238 3017 Lanoius.

415 3047 429 3066 ⁴
480 3045 695 3086 Forseffler,
714 3044 777 3078 vel
797 3043 962 3078 Forsler.
985 3041 1085 3077 Vide
1104 3041 1223 3088 epist.
1248 3050 1331 3086 422,
1351 3054 1393 3078 n.
1422 3050 1435 3076 1
1448 3067 1457 3077 .
