2101 3348
395 259 464 303 756
976 258 1112 293 EPIST.
1141 257 1186 292 P.
1214 257 1365 292 NADAL

349 357 493 410 tersit,
520 365 566 400 et
588 357 754 401 deinde
776 357 971 414 collegia
993 365 1147 400 nostra
1175 357 1351 410 uisitet,
1377 357 1597 409 mittatur,
1622 355 1830 400 omittere
1857 356 1981 399 nolui

344 417 453 472 quin
476 419 561 460 hac
585 416 823 459 occasione
846 431 924 472 per
948 432 1070 460 meas
1092 417 1266 460 litteras
1293 419 1350 460 D.
1377 418 1429 460 V.
1457 417 1715 468 salutarem,
1742 415 1979 471 eidemque

342 475 646 532 significarem
670 477 791 530 quod
812 483 1006 531 uterque
1028 476 1163 528 filius,
1189 478 1288 520 Deo
1310 475 1520 532 propitio,
1546 476 1694 527 ualet,
1720 481 1765 518 et
1793 475 1909 517 bene
1930 489 1979 518 se

342 535 387 577 in
426 535 619 591 collegio
652 535 914 591 germanico
953 535 1086 591 gerit.
1117 537 1307 579 Deferre
1339 542 1489 578 autem
1527 537 1585 578 D.
1618 536 1673 578 V.
1707 533 1976 588 obsequium

340 602 563 646 nostrum,
589 601 668 637 aut
691 594 890 637 studium
920 595 1198 650 significare,
1225 608 1315 650 quo
1345 595 1548 638 eamdem
1577 608 1680 636 cum
1712 599 1805 635 tota
1833 607 1975 649 gene-

338 668 441 696 rosa
464 653 631 696 familia
661 654 990 709 prosequimur,
1031 654 1336 697 necessarium
1366 668 1457 696 non
1485 653 1710 704 existimo,
1736 666 1839 695 cum
1871 667 1975 708 per-

339 719 544 768 spectum
568 713 613 755 id
637 713 693 755 sit
715 716 773 756 D.
801 715 877 766 V.,
904 728 1037 768 quam
1061 728 1220 769 precor
1251 720 1300 755 ut
1328 713 1519 769 inceptis
1542 719 1726 755 sanctae
1743 711 1974 755 charitatis

339 771 552 827 operibus
575 779 620 815 et
643 772 689 814 in
712 772 926 828 peculiari
957 773 1257 817 beneficentia
1284 787 1395 828 erga
1423 779 1601 815 nostros
1632 770 1861 827 persistat,
1887 785 1973 815 nec

337 831 494 874 dubito
517 833 638 887 quod
660 846 764 874 cum
787 832 872 876 Dei
891 832 1057 875 auxilio
1079 832 1137 874 sit
1155 847 1331 887 semper
1355 833 1540 875 factura.
1560 833 1690 887 Rogo
1713 837 1864 874 autem
1888 831 1975 874 Dei

336 891 601 944 bonitatem,
623 898 672 934 ut
685 891 859 947 gratiae
874 906 983 935 suae
1001 893 1122 934 dona
1136 892 1181 934 in
1196 894 1254 935 D.
1269 890 1478 935 V..simul
1492 905 1596 933 curn
1618 890 1735 932 Illtri.
1754 891 1806 932 D.
1827 890 1974 933 Geor-

334 949 412 1006 gio
434 958 479 994 et
504 950 717 993 uniuersa
739 951 874 993 domo
891 966 973 993 sua
991 966 1263 996 conseruare
1281 958 1325 995 et
1343 965 1512 1007 augere
1530 949 1759 1006 dignetur.
1782 950 1969 1002 Rornae,

335 1020 360 1062 7
384 1010 617 1052 Februarii
647 1011 774 1064 1566.

1135 1106 1175 1148 V

628 1181 868 1227 JOANNES
896 1181 1228 1218 FRANCISCUS
1262 1180 1672 1218 COMMENDONUS

912 1267 1160 1297 GULIELMO
1187 1267 1389 1311 SIRLETO

807 1338 1071 1392 Augustae,
1098 1351 1124 1393 9
1148 1335 1298 1379 Martii
1327 1336 1437 1389 1566
1461 1337 1488 1377 ¹.

879 1414 940 1448 De
959 1416 1153 1448 conventu
1173 1415 1422 1459 augustano.

461 1486 556 1527 ‚ho
580 1486 754 1527 hauuto
778 1484 893 1528 hieri
915 1485 988 1526 dal
1013 1487 1064 1527 P.
1093 1485 1254 1528 Natale
1276 1485 1318 1526 la
1342 1499 1423 1525 sua
1445 1483 1491 1525 di
1530 1497 1557 1526 V
1591 1483 1662 1526 del
1685 1489 1883 1550 pas-sato,
1910 1484 1967 1525 116

326 1558 404 1599 per
428 1544 621 1610 risposta
644 1546 703 1586 ho
725 1544 782 1586 da
805 1544 848 1585 di
853 1544 905 1585 rli
929 1545 1042 1587 altro
1065 1559 1112 1586 se
1137 1558 1229 1585 non
1252 1544 1493 1598 preghailo
1518 1558 1542 1584 a
1566 1543 1773 1585 basciar
1763 1558 1809 1584 1n
1832 1557 1967 1586 nome

324 1603 414 1644 mio
436 1603 449 1644 i
473 1603 617 1645 sancti
641 1603 760 1658 piedi
783 1603 827 1645 di
851 1605 945 1647 Sua
969 1602 1275 1654 Beatitudine,
1303 1618 1327 1645 e
1353 1617 1378 1644 a
1400 1601 1599 1657 supplire
1628 1602 1758 1654 costi,
1786 1603 1904 1645 doue
1924 1602 1965 1644 la

325 1663 508 1714 11611613,
535 1665 619 1704 6116
643 1662 719 1717 qui
742 1662 784 1705 io
808 1677 983 1714 manco,
1011 1664 1176 1717 perche
1201 1676 1289 1703 non
1313 1661 1373 1703 1111
1396 1662 1649 1703 mancando
1677 1663 1734 1703 116
1759 1661 1959 1713 1101111113,

323 1723 380 1764 116
413 1721 662 1774 diligentia,
695 1737 767 1764 ma
796 1723 892 1764 solo
926 1723 1072 1776 quelle
1105 1721 1352 1763 conditioni
1386 1723 1470 1772 che
1507 1735 1619 1763 sono
1658 1719 1878 1775 singulari
1916 1720 1962 1762 in

323 1783 379 1824 V.
410 1783 454 1825 S.
479 1782 639 1833 Illma.,
666 1781 1001 1824 confessandoli
1025 1781 1068 1823 io
1094 1780 1346 1831 uolentieri,
1374 1780 1547 1822 ardisco
1571 1779 1615 1821 di
1639 1794 1801 1835 pregar
1824 1779 1881 1822 lei
1905 1780 1961 1821 ad

322 1840 469 1883 aiutar
491 1840 521 1882 il
544 1849 754 1896 presente
776 1840 977 1896 negotio.
1004 1841 1133 1882 Delle
1156 1841 1287 1894 quale
1310 1854 1360 1881 so
1382 1840 1468 1881 che
1492 1840 1547 1882 V.
1575 1840 1622 1883 S.
1645 1840 1779 1881 Illma.
1807 1853 1831 1881 e
1849 1853 1958 1881 con-

324 1900 634 1943 tinouamente
656 1876 910 1952 informata,
938 1899 1041 1941 ond
1066 1900 1108 1941 io
1130 1914 1221 1941 non
1244 1898 1411 1954 replico
1434 1899 1546 1941 altro
1577 1905 1622 1940 et
1655 1899 1696 1942 le
1726 1898 1882 1940 bascio
1916 1899 1957 1941 16

322 1959 457 2001 mani.
547 1961 606 2002 D’
632 1961 870 2015 Augusta,
903 1959 976 2001 alli
993 1974 1055 2004 IX
1085 1959 1129 2001 di
1162 1961 1315 2002 Maizo
1344 1959 1468 2012 1566.
1497 1957 1554 2000 Di
1578 1959 1634 2000 V.
1661 1959 1706 2002 S.
1736 1959 1882 2002 Illma.
1912 1965 1957 2000 et

322 2020 449 2061 Rma.
479 2019 776 2062 humilissimo
800 2019 1033 2071 servitore,

1108 2092 1154 2120 IL
1178 2091 1317 2120 CARD.
1346 2077 1713 2121 COMMENDONO.

1114 2191 1175 2233 VI

738 2271 1110 2317 MARQUARDUS
1140 2272 1208 2306 AB
1235 2271 1538 2306 HATTSTEIN

922 2355 1129 2389 episcopus
1157 2354 1345 2389 spirens1s

833 2429 1071 2458 MAURITIO
1104 2429 1436 2458 UMBELMANNO

748 2504 955 2560 Spirae,
1004 2505 1054 2546 16
1088 2504 1291 2559 Aprilis
1330 2505 1459 2558 1566
1482 2504 1514 2546 ².

482 2593 639 2628 Laudat
659 2593 866 2628 Societatis
888 2593 1142 2628 institutum:
1161 2593 1207 2627 de
1222 2593 1388 2639 collegio
1406 2592 1598 2639 erigendo
1617 2592 1781 2638 cogitat.

403 2671 545 2726 Copia
572 2670 824 2722 literarum,
851 2685 962 2724 quas
992 2672 1147 2713 Rmus.
1191 2669 1430 2725 episcopus
1466 2669 1680 2725 spirensis
1712 2669 1835 2712 dedit
1864 2671 1946 2712 do-

312 2820 354 2844 se
370 2808 394 2843 li
410 2807 571 2842 diedero
585 2808 621 2843 le
637 2807 786 2853 patenti
805 2805 1024 2841 necessarie
1040 2807 1074 2840 al
1091 2805 1249 2851 viaggio
1269 2810 1307 2839 et
1328 2805 1443 2840 uisita
1461 2805 1722 2851 d’Alemagna
1741 2806 1943 2853 superiore

371 2867 377 2874 ‘
410 2867 447 2901 fe
472 2867 592 2901 iore.»

310 2873 350 2902 et
369 2879 406 2946 l¹n
442 2880 499 2960 {lx
518 2926 743 2972 archetypo,
762 2924 802 2959 in
820 2923 904 2959 cod.
926 2923 1083 2958 Bibliot.
1103 2923 1228 2957 Vatic.
1246 2924 1328 2964 lat„
1343 2922 1450 2967 6189.
1473 2923 1565 2958 Pars
1581 2924 1631 2967 11,
1648 2923 1713 2959 fol.
1735 2923 1818 2968 305.
1840 2923 1940 2959 Vide

305 2997 397 3032 pag.
424 2995 458 3027 2,
480 2990 519 3020 et
541 2997 649 3031 seqq.

371 3048 384 3066 ἱ·
436 3045 493 3080 Ex
512 3044 731 3091 apographo
755 3054 913 3086 coaevo,
943 3042 1103 3077 Romam
1130 3040 1263 3085 misso,
1290 3040 1328 3076 in
1357 3040 1451 3076 Cod.
1478 3051 1543 3086 42,
1570 3041 1608 3076 in
1632 3046 1767 3088 quarta
1793 3040 1935 3088 pagina
