2101 3348
403 260 470 296 772
972 249 1109 284 EPIST.
1137 247 1181 284 P.
1211 249 1360 285 NADAL

1118 405 1226 447 XXI

899 492 944 526 Β.
972 491 1174 528 PETRUS
1194 491 1438 529 CANISIUS

713 583 927 614 SANCTO
967 583 1290 614 FRANCISCO
1330 585 1400 614 DE
1440 585 1615 625 BORJA

804 658 1031 714 Dilingae,
1054 671 1110 716 29
1127 659 1329 714 Augusti
1353 660 1462 713 1566
1484 662 1511 702 ⁴.

343 749 679 796 Ingolstadienses
707 749 850 783 melius
876 748 1099 794 procedunt
1125 749 1212 793 post
1242 747 1403 782 Natalis
1430 749 1710 784 lustrationem
1726 762 1738 784 .·
1769 751 1815 785 de
1845 750 1980 797 impu—

410 807 604 855 gnatione
622 807 888 842 assertionum
907 806 1078 842 doctoris
1099 806 1257 842 Torres:
1270 807 1389 842 varia
1404 819 1428 842 a
1444 807 1585 843 Nafali
1598 810 1750 843 statuta
1764 809 1871 845 circa
1884 813 1981 856 per-

417 878 546 901 sonas.

515 943 777 1000 Ingolstadii
804 949 972 985 statum
1002 942 1182 998 collegii
1212 949 1446 997 utcunque
1478 943 1767 998 tranquillum
1792 945 1969 1000 reliqui,

340 1003 582 1059 minusque
604 1003 775 1059 negotii
803 1002 893 1044 illic
925 1001 1034 1044 mihi
1063 1002 1169 1054 tuit,
1195 1017 1299 1044 cum
1324 1004 1457 1045 Pater
1480 1002 1685 1045 visitator
1709 1019 1798 1046 non
1827 1007 1977 1048 multo>

342 1071 476 1106 antea
492 1077 625 1105 suum
645 1063 765 1118 apud
784 1063 943 1104 fratres
962 1063 1127 1103 munus
1146 1061 1354 1112 obiuerit,
1377 1063 1606 1117 multaque
1625 1063 1870 1107 correxerit
1887 1079 1969 1119 pro

342 1137 422 1165 sua
460 1121 714 1178 prudentia.
742 1123 889 1165 Notus
921 1128 989 1163 est
1028 1123 1090 1163 M.
1126 1121 1458 1175 Marquetius2,
1495 1136 1627 1175 quem
1662 1122 1829 1166 rectius
1862 1123 1970 1166 alibi

340 1197 472 1236 quam
497 1182 616 1237 apud
639 1196 720 1224 nos
743 1180 787 1222 in
809 1187 1003 1234 utroque
1026 1180 1207 1222 homine
1230 1180 1375 1223 curari
1406 1195 1537 1235 posse
1559 1194 1813 1225 censemus.
1841 1182 1966 1226 Scri--

340 1241 479 1296 pserit
496 1241 552 1285 de
569 1240 643 1282 1110
670 1242 803 1283 Pater
819 1239 1039 1290 visitator,
1062 1246 1110 1281 ut
1129 1238 1332 1282 arbitror.
1356 1241 1658 1294 Expectamus
1677 1248 1721 1284 et
1738 1248 1967 1296 optamus,

340 1308 389 1343 ut
413 1303 526 1343 P.tas
549 1302 648 1343 Tua
671 1313 980 1342 successorem
1003 1298 1138 1351 illius,
1165 1298 1201 1342 si
1230 1298 1327 1342 fieri
1350 1306 1501 1353 queat,
1528 1298 1616 1342 cito
1639 1300 1868 1356 designet.
1890 1336 1896 1343 .
1919 1336 1926 1344 .
1947 1336 1958 1346 .

428 1419 713 1462 Professores
737 1417 991 1473 theologiae
1019 1418 1126 1470 duo,
1153 1417 1229 1472 qui
1253 1417 1492 1473 Tubingae
1521 1419 1700 1470 docent,
1727 1420 1812 1461 sub
1841 1420 1965 1475 prin-

335 1478 436 1533 cipe
458 1476 859 1532 wirtembergensi,
885 1477 1102 1532 scriptum
1126 1477 1258 1520 ualde
1287 1478 1614 1520 amarulentum
1639 1485 1682 1519 et
1699 1479 1965 1522 maledicum

337 1538 591 1590 ediderunt,
605 1551 694 1591 quo
713 1537 990 1591 respondent
1008 1536 1343 1590 adjesuitarum
1362 1536 1631 1579 assertiones
1643 1537 1855 1593 Dilingae
1873 1539 1966 1581 dis-

336 1604 516 1652 putatas
538 1611 593 1639 ex
615 1595 805 1651 epistola
828 1595 963 1650 priori
985 1596 1040 1637 ad
1060 1595 1365 1645 Timotheum,
1387 1595 1551 1649 quibus
1570 1604 1713 1638 totum
1734 1605 1964 1652 papatum,

337 1664 386 1698 ut
408 1656 471 1698 illi
495 1662 676 1707 uocant,
702 1669 784 1697 nos
807 1654 1007 1698 stabilire
1029 1669 1261 1697 conamur.
1288 1654 1541 1698 Editicnem
1564 1655 1664 1697 libri
1689 1657 1963 1710 praefatione

335 1730 416 1758 sua
439 1716 698 1770 comprobat
723 1713 933 1757 Brentius
951 1715 982 1756 ⁵.
1010 1715 1184 1756 Harum
1208 1713 1521 1765 assertionum,
1547 1728 1659 1768 quas
1681 1715 1742 1756 illi
1767 1722 1855 1758 tam
1880 1718 1963 1759 ho-

334 1774 494 1818 stiliter
517 1789 650 1829 quam
674 1773 871 1828 maligne
893 1780 1178 1828 oppugnant,
1203 1775 1367 1815 author
1396 1773 1479 1814 fuit
1509 1775 1566 1816 D.
1595 1775 1759 1816 Torres
1777 1775 1791 1794 ⁴
1813 1775 1961 1818 Dilin-

333 1849 419 1889 gae
448 1835 690 1889 professor,
722 1833 832 1874 nihil
862 1832 1011 1874 minus
1040 1832 1220 1886 quidem
1251 1832 1479 1887 cogitans,
1507 1846 1639 1886 quam
1670 1840 1718 1874 ut
1747 1835 1828 1876 hos
1859 1849 1960 1878 cra—

332 1895 497 1937 brones
519 1892 732 1935 irritaret.
766 1892 919 1934 Placet
940 1891 1070 1933 nobis
1092 1891 1260 1933 idcirco
1284 1891 1410 1942 liber,
1431 1893 1551 1946 quod
1573 1893 1779 1936 ostendat
1796 1894 1960 1938 aduer-

333 1953 472 1996 sarios
505 1968 530 1995 a
555 1951 735 2007 jesuitis
773 1951 934 1993 uicinis
971 1965 1246 2006 magnopere
1275 1950 1360 1992 sibi
1389 1950 1648 2004 formidare,
1675 1967 1732 1995 ne
1759 1953 1957 2007 ipsorum

331 2027 467 2055 causa
491 2027 569 2067 per
592 2026 674 2053 nos
695 2011 993 2052 labefactetur
1015 2018 1150 2064 atque
1173 2010 1338 2065 passim
1361 2011 1644 2053 obscuretur.
1672 2010 1958 2054 Mirabuntur

330 2071 560 2126 plaerique
582 2073 767 2122 Romae,
794 2078 844 2111 ut
867 2069 1073 2121 arbitror,
1099 2083 1202 2111 cum
1228 2068 1420 2112 uiderint
1439 2069 1678 2123 aliquando
1701 2070 1745 2111 in
1769 2085 1858 2125 quo
1875 2086 1957 2127 ge-

331 2145 439 2174 nere
472 2129 728 2173 certaminis
760 2143 860 2171 cum
891 2128 988 2170 istis
1016 2128 1171 2171 bestiis
1204 2136 1381 2171 nostros
1419 2143 1622 2183 pugnare
1659 2144 1843 2173 necesse
1879 2131 1952 2173 sit.

329 2190 463 2232 Liber
486 2189 531 2231 in
562 2190 715 2231 urbem
746 2189 934 2231 fortasse
962 2187 1180 2239 mittetur,
1207 2187 1244 2229 51
1273 2188 1552 2230 commodam
1582 2188 1786 2232 mittendi
1819 2189 1955 2232 ratio-

328 2264 430 2292 nem
460 2249 754 2303 reperiemus3
786 2262 943 2290 verum
981 2247 1037 2290 de
1074 2248 1388 2302 respondendo
1421 2254 1515 2288 tum
1548 2255 1814 2300 statuemus,
1850 2263 1952 2292 011111

326 2307 506 2350 redierit
529 2308 585 2349 ad
613 2322 694 2349 nos
722 2309 853 2349 Pater
881 2305 1102 2357 visitator,
1129 2313 1235 2350 ante
1263 2307 1507 2349 Octobrem
1537 2306 1727 2358 scilicet,
1757 2307 1820 2349 uti
1850 2322 1952 2363 spe-

324 2381 490 2409 ramus.
518 2366 791 2409 Benedictus
813 2368 955 2417 Deus,
976 2365 1051 2419 qui
1076 2380 1157 2407 nos
1178 2380 1258 2420 pro
1276 2380 1411 2408 causa
1434 2365 1667 2421 religionis
1684 2367 1738 2408 ad
1758 2366 1949 2410 istorum

323 2425 569 2469 calumnias
593 2426 798 2468 ferendas
821 2424 984 2480 dignos
1002 2424 1202 2467 reddit...
1231 2426 1282 2467 P.
1310 2424 1574 2467 Dominicus
1593 2426 1623 2476 ὅ,
1649 2440 1782 2479 quem
1808 2428 1856 2468 P.
1880 2426 1951 2468 vi-

323 2486 477 2528 sitator
500 2484 862 2526 monachiensem
882 2490 1098 2527 rectorem
1124 2483 1372 2535 constituit,
1394 2499 1485 2526 non
1502 2484 1578 2526 diu
1596 2483 1641 2525 in
1659 2486 1744 2527 hoc
1762 2495 1948 2529 munere

390 2620 399 2640 ¹
453 2621 509 2654 Ex
528 2619 780 2664 autographo,
800 2617 839 2652 in
858 2618 985 2663 Epist.
1010 2616 1180 2661 Cani-sii,
1201 2618 1244 2661 II,
1270 2626 1334 2662 174
1355 2617 1466 2663 (135).

389 2684 402 2701 ²
454 2680 501 2714 Ρ.
526 2680 696 2724 Joannes
717 2678 909 2722 Marquez.
932 2676 1030 2711 Vide
1051 2677 1165 2723 epist.
1186 2676 1267 2721 374,
1290 2689 1332 2712 n.
1358 2686 1391 2720 23
1413 2683 1452 2712 et
1471 2677 1552 2722 378,
1575 2690 1612 2713 n.
1634 2688 1667 2712 2.

387 2740 400 2760 5
451 2740 621 2784 Joannes
641 2738 834 2776 Brentius,
855 2736 1062 2770 haereseos
1081 2736 1305 2771 lutheranae
1324 2736 1519 2782 professor
1538 2743 1577 2772 et
1596 2737 1743 2784 doctor,
1764 2739 1891 2774 W⁷ilae
1907 2739 1945 2774 111

316 2798 461 2833 Suebia
479 2802 592 2832 natus
611 2801 671 2830 est
689 2806 790 2830 anno
811 2803 913 2839 1499.
934 2793 1044 2830 Obiit
1062 2806 1162 2829 anno
1182 2803 1284 2838 1570.
1306 2795 1347 2829 ln
1367 2807 1436 2829 suo
1456 2801 1691 2832 testamento
1715 2798 1882 2833 1150111110
1902 2810 1945 2833 50

313 2869 402 2892 011111
421 2857 612 2891 Luthero»
633 2854 818 2900 scriptum
837 2852 1004 2899 reliquit,
1027 2858 1069 2888 ut
1087 2852 1140 2888 ait
1158 2853 1352 2897 ADAMUS,
1380 2855 1487 2889 Vitae
1507 2855 1826 2903 theologorum...
1844 2868 1948 2904 ger-

313 2927 529 2951 manorum
541 2941 548 2949 .
606 2939 609 2943 ·

383 2977 396 2996 ‘⁴
446 2975 493 3009 P.
518 2973 781 3019 Hieronymus
799 2973 952 3015 TorreS,
973 2971 1021 3006 de
1040 2982 1116 3018 quo
1135 2971 1289 3018 saepius
1308 2971 1454 3007 dictum
1475 2979 1546 3010 est.

382 3036 396 3056 ⁵
446 3033 671 3079 Menginus.
