2101 3348
785 253 806 279 2
846 244 1039 280 AUGUSTI
1069 244 1159 289 1568
1679 247 1748 294 625

135 345 297 393 ¹aiutar
318 347 361 390 la
382 345 666 402 Compagnia
689 360 772 388 con
807 347 875 389 far
907 360 999 390 una
1031 361 1138 390 casa
1170 346 1216 389 di
1244 347 1511 403 probatione
1534 363 1614 405 per
1637 349 1796 407 nouitij

151 423 357 480 germani
379 423 424 466 di
453 430 606 467 nostra
634 423 940 480 Compagnia,
967 432 1011 468 et
1044 440 1136 468 non
1168 424 1207 467 si
1240 426 1452 469 mancara
1485 426 1530 468 di
1564 427 1645 469 sar'
1672 427 1798 472 siano

152 501 497 544 raccomandate
520 516 545 544 a
568 500 693 543 Iddio
716 502 774 544 N.
799 502 847 545 S.
872 507 999 544 tanto
1023 501 1163 545 buoni
1185 503 1403 559 propositi
1430 511 1475 548 et
1498 504 1716 561 dissegni.
1744 506 1798 549 Ci

153 592 402 621 occorreua
424 577 561 621 staria
583 579 700 622 bene
724 584 883 634 questa
907 592 1012 621 casa
1034 579 1081 622 in
1105 579 1313 633 Colonia,
1339 595 1420 636 per
1444 580 1646 624 riceuere
1667 576 1795 624 rnolti

151 655 196 698 di
220 656 369 711 quella
387 654 637 710 prouincia,
665 662 710 699 et
733 657 892 707 anche,
913 655 952 698 si
974 656 1223 710 accadessi,
1244 632 1362 705 della
1384 657 1571 702 inferior
1595 665 1640 702 et
1658 673 1796 714 supe-

150 732 239 775 rior
260 732 506 776 Germania
529 747 537 785 ;
564 740 608 774 et
631 748 680 776 se
702 733 744 775 la
768 732 1006 775 fundation
1032 732 1143 776 fussi
1166 743 1340 789 grossa,
1367 735 1512 790 potria
1536 736 1655 778 forse
1673 750 1796 780 esser

150 810 398 867 spediente,
426 812 527 862 che,
554 809 850 852 mandandosi
875 825 900 852 a
919 811 1061 852 Roma
1084 825 1164 866 per
1182 811 1391 867 maggior
1409 811 1533 854 aiuto
1556 827 1640 855 suo
1663 812 1795 869 spiri-

148 888 270 931 tuale
293 887 445 930 alcuni
470 886 547 930 tali
570 886 749 942 nouitij,
769 901 849 942 per
871 886 1224 943 11111311(13111ρο1
1247 887 1292 930 in
1311 889 1575 942 Germania,
1602 904 1650 932 se
1672 889 1703 931 li
1728 891 1794 932 fa-

148 965 328 1009 cessino
350 966 391 1008 le
415 980 544 1021 spese
567 965 684 1008 della
718 978 822 1007 casa
853 963 898 1005 di
930 963 1198 1019 probatione
1232 965 1326 1008 cosi
1362 967 1573 1019 fundata3
1616 967 1793 1010 benche

147 1032 277 1099 potra
314 1058 464 1086 essere
502 1043 590 1086 che
622 1041 764 1098 prima
793 1043 850 1085 V.
884 1042 934 1083 R.
966 1041 1031 1083 sia
1070 1055 1180 1096 qua,
1209 1043 1295 1086 che
1328 1044 1501 1099 uenghi
1534 1059 1559 1086 a
1591 1053 1793 1086 maturar

148 1130 308 1176 questa
332 1120 613 1171 fundatione,
635 1120 677 1161 13
699 1119 847 1174 quale,
875 1132 1005 1160 come
1028 1119 1219 1162 sarebbe
1241 1118 1288 1161 in
1306 1121 1481 1180 grande
1505 1120 1651 1163 utilita
1674 1121 1792 1164 della

81 1231 84 1234 ι
147 1197 430 1254 Compagnia
451 1212 530 1253 per
554 1196 583 1238 il
606 1195 792 1240 seruitio
815 1195 972 1238 diuino
993 1202 1040 1238 et
1068 1195 1192 1238 aiuto
1224 1196 1342 1239 delle
1375 1196 1540 1249 anime,
1567 1198 1661 1241 cosi
1699 1213 1790 1241 non

146 1275 367 1331 potriamo
391 1288 576 1317 mancar
597 1273 642 1315 di
666 1274 806 1315 molto
833 1272 1049 1315 stimarlo.
1073 1274 1161 1316 Fra
1181 1272 1209 1314 l’
1234 1274 1347 1317 altre
1368 1288 1477 1317 cose
1501 1277 1587 1317 che
1609 1276 1669 1317 mi
1693 1290 1789 1318 mo-

148 1365 326 1395 ueuano
358 1367 383 1394 a
416 1351 622 1394 nominar
652 1349 864 1402 Colonia,
897 1350 919 1393 e
943 1349 1172 1393 desiderar
1201 1352 1287 1393 che
1314 1351 1344 1393 li
1375 1351 1412 1393 si
1442 1351 1550 1394 uiua
1580 1352 1626 1394 in
1657 1353 1791 1394 modo

144 1429 447 1473 conueniente
470 1429 556 1472 alla
584 1427 890 1484 Compagnia,
917 1427 948 1469 11
971 1429 1055 1470 che
1079 1442 1158 1484 per
1186 1428 1229 1470 la
1258 1428 1446 1484 pouerta
1476 1428 1790 1473 difficilmente

143 1521 340 1563 possono
364 1508 475 1558 fare,
502 1521 595 1548 non
618 1506 664 1548 ui
686 1505 878 1548 essendo
895 1505 1030 1547 alcun
1048 1504 1228 1561 miglior
1245 1506 1379 1548 modo
1397 1505 1442 1548 di
1467 1506 1726 1550 trattenersi
1745 1506 1789 1548 di

141 1585 246 1640 quel
269 1586 359 1629 che
381 1585 542 1628 adesso
566 1590 783 1640 tengonO.

233 1676 273 1717 3.
339 1664 399 1706 Se
421 1662 732 1705 intenderemo
756 1663 841 1703 che
865 1660 941 1715 qui
965 1659 1002 1702 si
1025 1674 1220 1715 procura
1242 1661 1368 1703 leuar
1390 1660 1420 1702 il
1440 1663 1491 1703 P.
1515 1661 1787 1704 Maldonado

142 1740 199 1782 de
222 1739 426 1796 Pariggi,
453 1739 489 1781 si
513 1738 606 1781 fara
630 1737 901 1790 resistentia,
924 1737 1088 1793 perche
1111 1736 1149 1779 si
1173 1744 1333 1793 reputa
1356 1737 1441 1780 stia
1463 1738 1553 1781 ben
1577 1738 1785 1780 colocato

143 1817 263 1860 doue
285 1822 369 1860 sta.

231 1906 274 1947 4.
340 1894 387 1937 S’
413 1893 436 1936 e
459 1892 667 1936 riceuuta
691 1907 780 1935 una
802 1891 847 1933 di
870 1892 927 1934 V.
954 1892 1028 1940 R..
1056 1892 1141 1933 che
1164 1890 1329 1934 scrisse
1351 1891 1381 1932 il
1403 1891 1448 1933 di
1471 1892 1588 1934 della
1612 1893 1778 1935 Pente-

142 1978 266 2015 coste
289 1971 335 2013 in
358 1970 577 2022 Louanio,
604 1979 649 2014 et
678 1969 715 2011 si
744 1967 1030 2011 consideran}
1061 1968 1210 2023 quello
1233 1969 1320 2010 che
1349 1968 1386 2010 si
1415 1976 1678 2024 representa
1711 1970 1787 2023 del

138 2050 393 2107 predicator
416 2049 461 2090 in
484 2047 626 2090 latino
648 2049 676 2088 ¹.

228 2138 269 2182 5.
334 2127 392 2170 Di
410 2140 499 2181 qua
517 2124 667 2180 quello
685 2124 741 2166 de
759 2124 845 2165 che
863 2136 999 2178 posso
1017 2121 1167 2164 auisar
1183 2121 1229 2164 di
1246 2136 1400 2165 nuouo
1418 2137 1444 2165 a
1462 2123 1518 2165 V.
1537 2124 1611 2175 R,
1633 2124 1674 2174 e,
1697 2126 1783 2167 che

136 2205 165 2248 il
188 2219 300 2262 papa
325 2206 384 2246 ha
408 2204 519 2245 fatto
536 2203 626 2244 due
648 2199 931 2256 deputationi
955 2198 1000 2241 di
1023 2198 1256 2253 cardinali,
1282 2200 1367 2241 che
1390 2199 1420 2241 li
1442 2201 1697 2242 haueuamo
1721 2201 1784 2242 ri—

137 2284 336 2326 cordate:
363 2296 452 2323 vna
474 2294 552 2336 per
575 2278 811 2322 attendere
834 2277 919 2319 alla
941 2275 1188 2319 riduttione
1210 2276 1314 2319 delli
1337 2276 1544 2329 heretici,
1565 2284 1672 2329 etc.;
1699 2292 1779 2333 per

136 2362 177 2405 13
200 2361 304 2417 qual
327 2361 387 2402 ha
410 2356 628 2401 nominati
651 2369 678 2410 4
701 2353 932 2406 cardinali,
954 2355 1182 2409 Augusta,
1204 2354 1468 2406 Granuella,
1492 2354 1777 2406 Bordesiera,

136 2440 358 2489 srancese,
385 2443 430 2481 et
452 2435 736 2486 Comendon‚
761 2447 851 2475 vno
885 2446 963 2488 per
996 2430 1167 2474 nation.
1194 2430 1245 2474 L’
1268 2431 1382 2474 altra
1414 2431 1708 2487 deputatione
1733 2433 1780 2474 fu

135 2532 214 2573 per
236 2517 278 2558 13
300 2513 603 2558 conuersione
625 2511 731 2555 delli
754 2509 946 2562 infideli,
973 2516 1018 2553 et
1042 2509 1177 2551 furno
1201 2508 1420 2551 nominati
1443 2508 1544 2551 altri
1567 2522 1595 2562 4
1630 2508 1779 2551 cardi-

133 2594 239 2647 nali,
266 2592 467 2646 Amulio,
494 2590 694 2641 Sirletto,
716 2588 916 2632 Criuello
940 2593 985 2631 et
1001 2587 1211 2639 Garrafa,
1232 2593 1276 2628 et
1300 2585 1375 2642 gia
1393 2587 1486 2628 han
1504 2585 1779 2628 cominciato

132 2673 173 2716 le
190 2686 272 2715 sue
288 2667 634 2727 congregationi
649 2668 681 2709 ².
698 2667 753 2708 Et
772 2665 816 2708 di
835 2679 925 2720 qua
942 2665 1139 2707 hauerno
1160 2662 1433 2706 cominciato
1452 2678 1477 2706 a
1495 2662 1607 2705 darli
1625 2664 1777 2706 alcuni

203 2776 212 2795 ¹
265 2771 365 2806 Vide
384 2769 499 2816 epist.
521 2767 605 2814 530,
620 2779 661 2803 n.
687 2776 721 2810 2,
743 2777 833 2801 cum
852 2769 984 2799 annot.

285 2830 476 2877 Quisnam
507 2828 546 2863 in
575 2827 684 2862 hisce
715 2824 969 2860 cardinalium
1001 2821 1376 2868 congregationibus
1404 2821 1674 2857 adumbratam
1699 2832 1773 2856 non

128 2892 260 2928 videat
278 2901 426 2926 sacram
444 2887 493 2922 de
518 2885 766 2934 propaganda
789 2884 866 2919 fide
888 2881 1251 2928 congregationem,
1279 2892 1379 2927 quae
1409 2881 1551 2916 deinde
1577 2893 1598 2915 a
1625 2881 1773 2925 Grego-

126 2952 183 2987 rio
202 2951 275 2985 XV
294 2948 447 2996 plenius
468 2958 512 2982 ac
530 2945 743 2993 perfectius
762 2948 893 2979 erecta
911 2954 955 2977 ac
974 2941 1155 2977 instituta
1173 2939 1264 2976 fuit?
1283 2939 1412 2986 Hujus
1432 2946 1563 2975 tamen
1590 2939 1771 2984 egregiae

128 3007 386 3047 institutionis
405 3006 639 3042 incunabula
657 3015 735 3039 non
753 3009 844 3038 ante
869 3001 1137 3049 pontificatum
1155 2998 1338 3045 Gregorii
1356 2999 1451 3033 XIII
1476 3000 1524 3033 ab
1549 2998 1770 3033 auctoribus

128 3068 345 3117 generatim
363 3069 616 3113 reponuntur.
636 3063 697 3098 Cf.
719 3063 901 3105 MORONI,
924 3060 1165 3096 Dizionario
1185 3059 1228 3094 di
1245 3059 1476 3094 erudizione
1495 3057 1772 3093 storico-eccle-

313 3133 427 3161 Emsr.
448 3130 486 3158 P.
508 3129 640 3163 NADAL,
662 3133 739 3156 TOM.
760 3126 824 3154 ΙΙΙ.
1524 3121 1559 3150 40
