2101 3348
354 220 399 265 96
866 220 1005 254 Episr.
1032 218 1076 252 P.
1105 217 1376 264 NADAL-384

304 322 438 365 luerit
470 335 674 365 summus
706 319 934 376 pontifex,
968 319 1102 362 modo
1140 319 1320 362 interim
1343 327 1521 363 constet
1543 334 1633 363 non
1657 322 1943 366 consensisse

302 401 466 442 Ill.mum
489 397 721 440 dominum
745 397 965 452 legatum,
987 403 1075 439 etc.

393 478 518 518 Haec
537 490 562 517 a
580 473 710 516 nobis
727 473 847 516 dicta
865 473 970 525 sint,
985 480 1030 516 et
1047 473 1252 517 subiecta
1269 481 1531 518 reuerenter
1545 474 1712 518 iudicio
1726 476 1773 520 S.
1794 477 1851 519 D.
1873 478 1931 520 N.

302 560 347 597 et
368 559 551 595 sanctae
574 550 692 594 sedis
715 550 1008 607 apostolicae,
1029 551 1322 606 omniumque
1345 551 1513 595 rectius
1535 552 1840 595 sentientium.

302 631 630 673 H1ERONYMus
647 629 880 672 NATALIS.
933 629 1129 672 PETRUS
1155 628 1401 673 CAlems.
1442 630 1658 686 JACOBUS
1683 630 1929 674 LEDESMA.

382 760 530 800 2271·
1080 761 1128 799 Ι)

392 874 427 905 Ι.
487 862 603 918 Jhus
626 862 652 903 ¹.
676 861 816 904 Molto
835 861 946 904 Rev.
961 859 1002 887 <¹0
1022 862 1098 903 P.e
1120 861 1203 903 Ν.ο
1221 860 1267 903 in
1285 861 1483 904 Christo.
1505 863 1601 905 Pax
1621 862 1789 905 Christi
1808 870 1895 906 etc.
1914 869 1935 890 ²²

297 941 385 983 Per
407 940 483 981 un’
510 938 623 981 altra
646 937 847 980 scriuero
869 937 913 979 d’
939 937 1051 980 altre
1074 951 1178 980 cose
1201 945 1246 980 et
1268 939 1543 994 respondero
1566 954 1591 982 a
1613 940 1762 994 quella
1785 940 1888 983 delli
1908 950 1932 994 5

363 1047 383 1067 a
422 1040 516 1080 Bo„
537 1037 692 1073 omissis
711 1037 906 1080 omnibus,
923 1049 1022 1084 quae
1041 1038 1294 1084 praecedunt,
1309 1039 1405 1074 haec
1425 1039 1642 1074 substituit:
1660 1040 1712 1074 Al
1732 1040 1853 1075 molto
1871 1053 1933 1076 re-

293 1100 463 1135 verendo
482 1099 618 1133 Padre
638 1097 854 1133 Francesco
873 1098 919 1133 de
938 1096 1095 1145 Bergia
1113 1098 1321 1145 Prepesito
1340 1097 1537 1134 Generale
1552 1099 1659 1134 della
1677 1098 1931 1147 Compagnia

295 1161 321 1195 d
326 1160 338 1194 i
360 1158 465 1194 Gesz't
476 1185 484 1193 .

371 1252 378 1269 ¹
432 1248 609 1294 Sequens
635 1246 799 1293 epistola
823 1246 928 1282 edita
952 1246 1025 1282 fuit
1043 1258 1064 1281 a
1091 1247 1139 1282 P.
1169 1247 1339 1294 Josepho
1363 1248 1503 1293 Boero,
1522 1247 1561 1285 in
1595 1249 1685 1283 Vita
1715 1249 1778 1284 del
1802 1250 1929 1284 Beato

296 1309 433 1343 Pietro
468 1306 646 1351 canisio,
681 1317 800 1353 pagg.
837 1305 1011 1341 300-302.
1048 1306 1136 1341 Non
1166 1312 1297 1342 tamen
1328 1306 1465 1342 inutile
1499 1307 1580 1342 fore
1610 1307 1792 1344 duximus
1823 1309 1928 1344 illam

294 1367 421 1402 denuo
439 1366 501 1402 hic
520 1366 722 1411 recudere,
742 1365 858 1413 idque
879 1365 1020 1411 triplici
1039 1365 1284 1411 potissimum
1303 1366 1351 1401 de
1370 1378 1505 1402 causa.
1535 1367 1663 1402 Primo
1687 1367 1859 1414 quidem,
1886 1373 1929 1403 ut

292 1427 490 1473 exemplar
508 1426 778 1472 archetypum,
798 1437 819 1460 a
838 1425 884 1459 P.
910 1426 1034 1460 Boero
1054 1425 1273 1461 mutilatum
1293 1430 1332 1460 et
1351 1426 1679 1469 transformatum,
1707 1427 1859 1473 integre
1884 1438 1929 1463 ac

290 1486 471 1529 fideliter,
496 1485 535 1520 in
560 1486 633 1520 hoc
657 1485 811 1531 proprio
837 1484 939 1519 illius
966 1485 1064 1531 loco,
1089 1484 1252 1531 editum,
1271 1485 1456 1520 historiae
1475 1487 1644 1521 cultores
1664 1487 1836 1533 reperire
1862 1498 1928 1522 va·

290 1547 408 1589 leant3
429 1544 556 1590 agitur
576 1544 679 1579 enim
698 1544 746 1579 de
773 1549 1024 1579 monumento
1051 1543 1210 1579 minime
1235 1544 1468 1591 spernendo,
1489 1551 1543 1591 et,
1567 1545 1615 1580 ad
1639 1546 1838 1581 historiam
1866 1558 1927 1582 re-

290 1617 424 1640 cessus
443 1603 649 1650 augustani
663 1603 980 1649 collustrandam,
995 1603 1222 1650 peridoneO.
1245 1604 1425 1639 Secundo
1439 1610 1585 1651 autem,
1600 1610 1642 1640 ut
1660 1617 1776 1640 verus
1792 1611 1926 1641 auctor

287 1664 400 1710 hujus
420 1663 607 1710 epistolae
627 1675 675 1698 ex
695 1663 792 1709 ipsa,
812 1667 851 1698 et
870 1662 1096 1698 nominatim
1116 1675 1164 1698 ex
1183 1663 1277 1699 locis
1295 1675 1317 1698 a
1341 1665 1466 1699 Boero
1484 1664 1688 1710 truncatis,
1708 1666 1924 1700 luculenter

287 1729 485 1770 appareat.
511 1723 645 1758 Tertio
664 1722 836 1767 tandem,
856 1727 898 1757 ut
916 1723 1101 1758 nonnulla
1119 1728 1262 1769 puncta
1281 1724 1535 1769 subobscura,
1554 1725 1603 1759 ab
1622 1729 1780 1760 auctore
1800 1737 1847 1760 ex
1867 1725 1923 1760 in-

288 1783 435 1818 dustria
459 1793 596 1817 arcano
621 1793 799 1817 sermone
826 1783 968 1827 velata,
995 1787 1034 1817 et
1061 1794 1082 1816 a
1106 1783 1149 1817 P.
1176 1783 1300 1818 Boero
1325 1783 1614 1830 praetermissa,
1633 1784 1830 1819 declarare
1853 1780 1922 1831 pro

288 1848 419 1878 nostra
437 1842 622 1877 facultate
641 1847 880 1887 satagamus.

359 1904 603 1950 Inquiramus
622 1913 715 1948 ergo
733 1907 823 1937 ante
849 1901 977 1951 omnia
1001 1902 1179 1949 quisnam
1204 1901 1321 1938 fuerit
1345 1908 1479 1939 auctor
1503 1903 1618 1949 hujus
1642 1903 1847 1950 epistolae.
1878 1903 1920 1939 Si

285 1963 440 1998 Patrem
459 1963 583 1996 Boero
602 1961 901 2007 interrogemus,
921 1962 1017 1997 haec
1036 1962 1147 1997 nobis
1166 1963 1390 2009 respondet,
1406 1964 1486 1998 loc.
1506 1963 1572 1998 cit.
1593 1975 1681 2010 pag.
1702 1963 1786 1998 300:
1809 1964 1863 1998 «E
1881 1963 1920 1998 di

283 2021 343 2057 cio
362 2022 436 2068 [sc.
460 2021 508 2056 de
527 2033 619 2056 vera
637 2021 797 2056 historia
815 2032 994 2056 recessus
1013 2021 1234 2068 augustani]
1254 2022 1433 2057 abbiamo
1458 2022 1497 2057 in
1521 2022 1610 2071 fede
1635 2023 1671 2059 la
1696 2023 1920 2057 narrazione

283 2082 345 2116 del
365 2081 544 2126 Calegari
563 2080 711 2116 riferita
729 2080 790 2115 dal
810 2080 1013 2126 Laderchi,
1034 2092 1054 2116 e
1074 2081 1139 2127 piu
1158 2082 1298 2117 lettere
1317 2081 1379 2116 del
1396 2073 1566 2128 C‘anisio,
1584 2094 1605 2116 e
1624 2087 1920 2127 segnatamente

282 2152 358 2176 una
376 2140 439 2175 dei
457 2145 610 2186 quattro
631 2140 801 2185 Maggio,
822 2140 1062 2175 sottoscritta
1082 2152 1177 2187 pure
1196 2140 1301 2186 dagli
1320 2140 1406 2176 altri
1425 2140 1500 2176 due
1525 2141 1743 2187 compagni,
1770 2142 1805 2176 la
1829 2152 1920 2188 qua-

280 2201 331 2241 le,
351 2200 624 2244 avvegnacche
650 2199 783 2234 scritta
808 2199 847 2234 in
873 2210 1004 2234 mezza
1030 2199 1140 2243 cifra,
1167 2200 1297 2245 voglio
1319 2199 1385 2247 qui
1409 2201 1595 2246 riportare
1620 2201 1659 2235 in
1686 2211 1831 2247 pruova
1855 2200 1918 2235 del

281 2270 420 2294 vero.»
439 2259 639 2293 Hactenus
658 2260 798 2304 Boero,
817 2258 882 2306 qui
902 2259 1033 2294 statim
1053 2259 1277 2295 transcribit
1295 2259 1512 2306 epistolam,
1531 2259 1580 2294 de
1599 2271 1673 2306 qua
1692 2271 1819 2295 sermo
1839 2265 1914 2295 est.

282 2320 340 2354 Ex
358 2318 464 2353 hisce
483 2317 613 2353 verbis
634 2318 754 2364 liquet
773 2324 971 2354 auctorem
990 2318 1177 2364 epistolae
1196 2318 1317 2354 fuisse
1336 2318 1549 2355 Canisium:
1571 2319 1749 2354 Natalem
1768 2330 1861 2354 vero
1876 2324 1916 2354 et

280 2377 525 2420 Ledesmam,
551 2382 700 2411 tantum
727 2388 866 2412 nornen
893 2378 1134 2424 apposuisse.
1163 2378 1206 2413 In
1231 2378 1303 2413 hoc
1328 2383 1458 2414 autern
1478 2379 1732 2414 vehementer
1764 2389 1913 2413 errasse

279 2437 434 2472 Patrem
453 2437 576 2471 Boero
596 2436 725 2470 statim
745 2436 1010 2471 ostendemus.
1030 2437 1142 2472 Prius
1156 2448 1313 2472 causam
1328 2438 1467 2473 erroris
1486 2438 1783 2483 investigemus.
1799 2438 1912 2473 Illum

279 2496 379 2532 forte
398 2495 538 2531 fefellit
557 2495 692 2530 titulus
712 2495 821 2530 initio
841 2496 1042 2543 archetypi
1061 2496 1100 2531 in
1120 2497 1293 2543 margine
1312 2497 1444 2543 ignota
1460 2509 1574 2532 manu
1588 2497 1756 2542 additus,
1775 2497 1840 2544 qui
1859 2497 1913 2532 ita

277 2557 408 2592 habet:
433 2555 589 2590 Lettera
607 2555 670 2589 del
691 2555 737 2588 P.
769 2554 930 2591 canisio
955 2568 974 2591 e
999 2557 1062 2591 del
1083 2557 1132 2593 Ρ.
1155 2557 1343 2592 Ledesma
1367 2560 1488 2604 sopra
1513 2558 1547 2592 Ze
1573 2569 1654 2592 cose
1679 2557 1785 2592 della
1804 2557 1914 2592 dieta

277 2615 526 2662 d’Augusta.
567 2614 658 2657 [556
677 2613 762 2659 [sic,
783 2626 850 2660 pro
876 2615 1005 2661 1566].
1031 2615 1111 2651 Cur
1142 2616 1307 2663 scriptor
1331 2616 1446 2663 hujus
1471 2615 1573 2651 tituli
1598 2627 1739 2651 nomen
1764 2615 1914 2651 Natalis

275 2674 424 2718 omisit,
450 2686 537 2709 cum
564 2673 601 2708 in
627 2673 711 2719 ipso
736 2675 949 2720 archetypo
974 2675 1143 2721 primus,
1171 2687 1248 2711 non
1275 2676 1400 2711 solum
1427 2687 1590 2721 nomen,
1610 2675 1679 2710 sed
1705 2675 1770 2711 illa
1794 2676 1915 2710 verba

272 2734 334 2770 De
362 2735 404 2769 V.
434 2734 531 2768 Ρ,ῑά
555 2734 667 2768 serui
686 2733 728 2767 in
751 2731 923 2774 Christo,
950 2735 1102 2780 propria
1123 2747 1238 2770 manu
1257 2733 1550 2781 subscripserit?
1568 2734 1818 2781 Suspicamur
1837 2734 1913 2769 Na-

272 2792 361 2828 talis
385 2804 528 2828 nornen
552 2791 640 2826 ideo
666 2792 1004 2838 praetermissum,
1030 2794 1119 2839 quia
1145 2800 1350 2830 annotator
1381 2794 1476 2829 illud
1503 2795 1634 2839 legere
1660 2805 1736 2829 non
1760 2793 1906 2840 potuit.

270 2851 350 2886 Sed
369 2852 415 2886 P.
445 2853 582 2896 Boero,
604 2850 669 2897 qui
689 2850 838 2885 Natalis
864 2851 1026 2896 litteras,
1054 2852 1155 2887 haud
1180 2853 1337 2899 quidem
1362 2854 1465 2889 lectu
1489 2852 1640 2898 faciles,
1661 2865 1776 2899 saepe
1795 2852 1907 2897 vidit,

269 2911 372 2946 illius
391 2922 533 2946 nomen
551 2915 657 2946 recte
677 2920 746 2944 suo
766 2909 850 2944 loco
868 2910 1059 2953 restituit3
1087 2916 1126 2945 et
1145 2911 1394 2947 nihilominus
1419 2912 1609 2959 epistolae
1634 2912 1908 2958 paternitatem

270 2973 348 3013 (res
366 2971 522 3017 quidem
542 2970 652 3014 mira)
671 2968 828 3005 Canisio
844 2968 1097 3014 adjudicavit.

344 3031 470 3065 Verus
489 3035 619 3065 tamen
637 3035 770 3064 auctor
789 3034 849 3064 est
868 3029 1033 3075 Natalis,
1051 3041 1124 3065 nec
1142 3031 1279 3065 umbra
1297 3030 1405 3066 dubii
1424 3042 1512 3066 esse
1536 3030 1679 3078 poterit
1703 3030 1743 3065 in
1766 3031 1837 3065 hac
1860 3041 1903 3064 re
