2101 3348
345 232 393 267 60
865 231 1006 266 EPJST.
1034 229 1078 263 P.
1107 228 1257 265 NADAL
1270 250 1294 254 -
1307 228 1376 274 375

292 341 481 378 assunto
504 334 561 377 de
582 332 772 375 dotarla.
801 332 931 374 Todo
956 331 1002 374 10
1020 331 1243 375 endereze
1265 331 1376 375 Dios
1393 339 1580 376 nuestro
1597 333 1742 376 Sefior
1758 347 1865 388 para
1882 347 1936 376 su

293 425 447 466 mayor
471 408 682 461 seruicio,
708 424 737 464 y
755 409 810 452 (10
828 412 854 451 3
876 409 933 451 V.
955 409 1009 451 R.
1031 423 1140 464 rnuy
1158 408 1331 452 buenas
1349 423 1559 464 pasquas,
1579 417 1609 464 y
1627 409 1668 452 al
1689 411 1739 452 Ρ.
1763 410 1933 453 Ledes-

293 502 381 540 ma,
407 501 493 529 con
518 487 585 528 los
607 486 761 530 (100135
784 500 871 541 que
893 500 950 540 ay
973 489 1116 537 estem,
1143 500 1199 529 en
1223 500 1363 541 cuyas
1385 485 1610 530 orationes
1633 502 1662 542 y
1684 486 1931 529 sacrifieios

291 565 459 606 mucho
482 577 553 606 me
576 563 873 608 encomiendo
897 577 982 606 con
1002 563 1131 605 todos
1154 563 1221 605 los
1239 577 1327 618 que
1349 567 1429 606 303
1448 570 1659 607 estamos.
1681 565 1751 608 De
1769 565 1926 615 Roma,

291 656 319 698 9
343 641 398 684 de
422 641 552 684 Abril
581 641 706 695 1566.

382 720 471 761 Por
493 725 590 761 otra
611 719 668 762 de
690 718 751 760 mi
773 732 907 760 mano
935 724 1075 774 tengo
1103 717 1268 761 escrito
1294 719 1339 761 10
1374 732 1462 773 que
1494 732 1542 760 se
1571 732 1644 760 me
1676 719 1872 773 offrece3
1908 723 1934 761 3

291 795 376 838 0113
398 811 469 839 me
492 795 667 840 remito.
695 797 853 851 Agora
876 802 1015 852 tengo
1038 811 1095 839 en
1117 795 1159 838 13
1189 799 1367 838 camara
1389 797 1444 838 de
1468 797 1525 838 V.
1548 797 1601 838 R.
1629 810 1691 838 un
1709 797 1829 838 buen
1849 810 1933 838 no-

292 872 421 916 uicio.
447 874 533 916 Era
555 888 786 917 03013Γοῑο
815 880 989 917 secreto
1018 873 1075 916 de
1104 874 1186 915 Pio
1215 885 1264 926 4,
1297 888 1326 928 y
1351 872 1685 928 gentilhombre
1714 872 1935 929 principal

291 951 348 993 de
371 952 526 1003 Bresa,
551 966 581 1007 y
603 965 652 993 es
674 951 832 993 doctor
855 967 912 995 en
934 952 1073 1006 leyeS.
1101 951 1144 992 A
1173 951 1269 992 dias
1299 964 1386 1004 que
1410 957 1505 993 trae
1535 949 1723 1006 consigo
1753 951 1934 994 buenos

293 1028 492 1080 desseos,
518 1043 547 1084 y
568 1042 676 1083 ayer
698 1042 859 1084 parece
882 1042 970 1082 que
994 1027 1200 1083 parieron
1222 1027 1264 1070 13
1282 1026 1424 1069 salida
1442 1027 1497 1070 de
1516 1027 1682 1083 Egipto
1700 1042 1728 1082 y
1746 1027 1934 1070 entrada

290 1121 348 1149 en
371 1113 466 1148 esta
487 1119 606 1148 casa:
632 1120 715 1147 ora
736 1110 825 1160 pro
853 1119 914 1147 eo,
944 1103 1138 1148 Aliende
1167 1104 1223 1146 de
1255 1119 1327 1147 ser
1359 1105 1480 1146 buen
1513 1104 1737 1159 subjecto,
1772 1118 1933 1159 parece

292 1197 380 1238 que
402 1187 502 1226 serzi
523 1183 579 1226 (10
601 1184 766 1225 mucha
790 1181 1063 1225 edification.
1090 1183 1147 1224 D.
1177 1182 1233 1224 V.
1257 1182 1309 1224 R.
1337 1180 1487 1224 sieruo
1510 1196 1566 1225 en
1590 1181 1691 1233 X.⁰‚

1402 1260 1691 1302 FRANCISCO.

381 1338 624 1392 Inscriptio
655 1338 705 1379 izi
735 1341 899 1393 quarta
922 1338 1105 1393 pagina
1124 1352 1135 1378 .·
1165 1335 1194 1393 †
1228 1336 1417 1391 A1·muy
1440 1336 1553 1379 Rdo.
1586 1351 1643 1379 en
1665 1337 1783 1391 Xpo.
1813 1337 1865 1378 Ρ.
1893 1336 1934 1379 01

295 1416 346 1456 Ρ.
374 1416 420 1457 M
428 1421 480 1456 .Γο
500 1414 765 1459 Hieronimo
787 1415 937 1466 Natal,
963 1413 1182 1456 visitador
1204 1427 1261 1456 en
1278 1414 1344 1455 135
1362 1413 1619 1469 prouincias
1637 1414 1693 1456 (10
1712 1413 1935 1456 Alemana

292 1493 348 1535 de
371 1493 412 1535 13
436 1493 685 1548 Compafiia
707 1492 764 1534 de
780 1493 932 1549 Jesi'is,
958 1506 1014 1534 en
1036 1492 1266 1547 Augusta.
1288 1491 1435 1533 Manu
1461 1492 1518 1532 P.
1540 1491 1771 1547 Jimenez:
1794 1491 1850 1533 N.
1881 1492 1932 1532 P.

293 1584 320 1625 9
344 1570 387 1611 d’
412 1568 584 1624 Aprile.
610 1570 706 1611 R.ta
735 1569 990 1625 Vestigium
1014 1568 1176 1624 sigilli.

1056 1680 1173 1719 375

735 1755 787 1797 P.
825 1753 1239 1796 HIERONYMUS
1274 1753 1493 1795 NADAL

629 1829 867 1867 SANCTO
902 1828 1253 1866 FRANCISCO
1290 1831 1366 1865 DE
1401 1829 1595 1875 BORJA

814 1903 1032 1939 DILINGAE,
1056 1893 1098 1928 13
1119 1903 1280 1929 APRILIS
1303 1894 1392 1938 1566
1411 1897 1436 1930 ¹.

292 1970 324 1995 ι.
354 1960 639 2008 Confitentiztm
658 1964 694 1997 et
712 1960 1100 1997 commzmicantizmz
1116 1961 1159 1995 in
1175 1961 1321 2007 templo
1338 1961 1546 1995 Societatis
1564 1960 1707 2007 ingens
1720 1970 1931 1994 numeru&

339 2030 418 2055 —2.
440 2021 617 2068 [Magnus
635 2032 850 2056 concursus
868 2021 922 2055 ad
939 2020 1143 2055 conciones
1164 2018 1218 2055 Β.
1244 2019 1418 2055 Canisii:
1437 2020 1546 2054 sacri
1555 2019 1732 2065 jubilaei
1749 2022 1785 2054 et
1804 2018 1939 2053 hebdo-

337 2081 480 2115 madae
504 2079 675 2126 majoris
699 2081 913 2116 sollemnia
937 2090 1093 2113 summo
1119 2080 1275 2124 ordine,
1304 2076 1583 2126 aedificatione
1609 2070 1645 2113 et
1666 2078 1814 2125 fructu
1842 2080 1939 2123 per·

336 2141 622 2184 agitativa—3.
636 2136 737 2173 Cum
753 2138 853 2172 bona
868 2135 996 2183 legati
1007 2136 1127 2170 venia
1145 2137 1427 2184 inspectionem
1443 2136 1604 2183 collegii
1614 2135 1857 2182 dilingensis
1870 2146 1941 2181 ag-

333 2198 526 2243 greditur
544 2197 720 2232 Natalis.

386 2275 420 2304 1.
483 2264 615 2319 Jhus.
651 2263 792 2305 Molto
825 2264 935 2306 Rdo.
978 2264 1022 2306 in
1065 2264 1249 2307 Christo
1289 2261 1435 2304 Padre
1473 2267 1645 2303 nostro.
1681 2261 1776 2302 Pax
1805 2259 1938 2302 Chri-

291 2338 347 2381 sti
371 2346 457 2382 etc.
486 2340 605 2383 Nell’
634 2339 792 2383 ultima
815 2343 898 2383 che
922 2357 947 2384 3
970 2343 1028 2385 V.
1058 2343 1107 2385 P.
1133 2338 1261 2383 scrisi
1289 2339 1477 2381 sabbato
1500 2344 1632 2380 santo
1651 2338 1665 2358 ‘²
1690 2337 1937 2380 solamente

289 2455 366 2485 ter.
381 2477 389 2485 .
406 2477 414 2485 .
438 2450 595 2486 domum
615 2463 714 2498 eam,
737 2453 1015 2500 hortorumque
1035 2457 1200 2499 partem,
1223 2457 1262 2486 et
1282 2450 1427 2497 aliquid
1450 2450 1639 2496 pecuniae
1660 2448 1793 2493 donat,
1819 2453 1934 2494 atque

291 2511 533 2556 expleturam
553 2522 595 2545 50
615 2510 746 2546 dotem
766 2511 944 2558 recipit.»
965 2512 1226 2556 SACCHINUS,
1246 2512 1318 2546 loc.
1339 2510 1423 2554 cit.,
1443 2515 1551 2556 parte
1570 2509 1641 2552 III,
1661 2508 1732 2543 lib.
1753 2508 1806 2553 ΙΙ,
1820 2519 1858 2542 0.
1878 2506 1933 2541 16.
1976 2543 1978 2545 ,

365 2572 372 2590 ¹
426 2569 483 2603 Ex
499 2570 726 2615 archetypo,
739 2582 759 2605 a
775 2570 955 2616 Jimenez
971 2576 1144 2614 exarato,
1155 2574 1193 2604 et
1210 2568 1359 2603 Natalis
1375 2579 1490 2602 manu
1505 2566 1739 2613 subscriptO,
1750 2565 1790 2600 in
1806 2566 1935 2612 Epist.

295 2628 457 2668 Natal„
479 2628 528 2673 ΙΙ,
548 2627 692 2674 duplici
712 2628 803 2675 fol.,
827 2629 895 2663 116
917 2630 1032 2675 (120).
1055 2630 1139 2664 Hac
1155 2628 1319 2675 epistola
1334 2638 1427 2662 usus
1445 2626 1567 2662 fuisse
1586 2626 1742 2661 videtur
1761 2624 1938 2660 SACCHI-

298 2695 393 2728 NUS,
414 2688 491 2722 100.
515 2687 608 2732 cit.,
628 2687 703 2722 lib.
728 2688 779 2730 ΙΙ,
799 2700 837 2723 0.
859 2688 920 2723 23.

364 2748 377 2768 ‘2
430 2747 487 2781 Ex
506 2746 614 2781 hisce
634 2746 782 2791 verbis,
803 2758 852 2781 ex
873 2747 963 2789 illis,
984 2759 1084 2794 quae
1102 2747 1296 2782 habentur
1315 2745 1353 2781 in
1373 2745 1491 2792 epist.
1516 2743 1599 2789 382,
1615 2755 1656 2778 n.
1686 2751 1718 2788 1,
1738 2741 1941 2779 «martedi.

294 2811 434 2852 questa
453 2805 663 2841 settimana
682 2806 725 2841 in
740 2806 853 2841 Albis
867 2806 927 2852 [16
944 2806 1107 2852 Aprilis]
1128 2832 1137 2841 .
1152 2832 1160 2840 .
1177 2805 1220 2841 .i1
1237 2805 1450 2840 medesimo
1467 2803 1603 2849 giorno
1629 2829 1638 2837 .
1654 2830 1660 2837 .
1676 2813 1795 2836 .vene
1809 2801 1847 2836 in
1863 2801 1941 2835 Au-

297 2870 452 2911 gusta»,
468 2870 507 2900 et
526 2876 574 2900 ex
594 2875 654 2911 e0,
674 2864 777 2912 quod
796 2864 835 2899 in
851 2864 987 2900 eadem
1006 2864 1188 2911 epistola,
1207 2875 1252 2899 n.
1274 2864 1311 2909 6,
1331 2863 1469 2898 asserit
1484 2861 1650 2906 Natalis,
1665 2872 1724 2895 se.
1746 2861 1818 2894 «ho
1833 2859 1942 2894 scrit-

298 2930 337 2958 to
362 2935 515 2970 sempre
538 2924 630 2970 ogni
656 2924 865 2959 settimana
884 2924 910 2959 il
936 2925 1096 2958 sabato»
1122 2924 1225 2958 clare
1251 2922 1400 2957 eruitur
1425 2932 1575 2956 errasse
1595 2919 1794 2956 librarium
1814 2919 1852 2953 in
1870 2919 1941 2953 hac

302 2983 465 3029 epistola
484 2988 523 3019 et
542 2984 582 3019 in
601 2981 796 3032 sequenti,
815 2983 907 3019 dum
928 2982 1083 3029 scripsit
1102 2981 1141 3017 in
1160 2981 1238 3016 fine
1256 2991 1319 3026 19,
1337 2992 1404 3027 pro
1423 2990 1465 3026 13
1480 2980 1654 3026 Aprilis;
1668 2979 1819 3014 nullum
1837 2977 1941 3012 enim

297 3041 460 3077 dubium
482 3047 658 3078 remanet
677 3042 826 3088 legenti
844 3043 913 3078 has
938 3041 1138 3088 epistolas,
1158 3039 1243 3086 375,
1263 3039 1332 3085 376
1351 3045 1390 3075 et
1408 3038 1492 3084 382,
1512 3039 1605 3086 quin
1631 3038 1719 3074 illae
1738 3037 1814 3072 duo
1840 3034 1941 3082 prio-
