2101 3348
335 208 348 234 1
359 207 400 234 12
841 194 977 229 Episr.
1007 190 1052 225 P.
1079 189 1350 226 NADAL-388

285 304 392 344 nare
422 301 493 342 be.
526 300 596 341 No
626 310 809 339 occorre
836 297 932 336 mes
960 306 1038 348 per
1066 298 1175 335 esta.
1212 292 1264 334 El
1302 292 1449 336 Sefior
1484 294 1551 334 sia
1589 290 1646 334 ab
1678 292 1923 335 nosaltres..

290 378 388 420 Ora
403 382 492 432 pro
514 375 651 424 nobis,
677 374 831 414 Pater.
858 362 928 414 De
951 370 1182 425 Augusta,
1212 378 1235 423 5
1259 369 1316 411 de
1338 367 1464 424 Maig
1493 368 1619 422 1566.

1278 446 1419 488 NOTA
1453 458 1615 488 MANUS
1653 446 1680 487 ¹.

373 531 548 583 Aquest
571 525 760 582 despaig
781 540 838 567 va
860 539 938 580 per
960 524 988 565 l’
1015 522 1194 565 auditor
1217 522 1290 565 del
1311 522 1452 578 legat,
1479 528 1645 566 mestre
1668 522 1855 568 Andrea
1882 523 1916 576 ²,

285 623 314 663 y
337 610 380 649 te
403 606 510 649 orde
533 605 589 648 de
615 618 724 646 anar
753 602 917 658 primes
938 605 964 643 3
992 602 1049 643 V.
1086 601 1158 653 P„
1190 600 1429 655 pregantla
1458 614 1546 655 que
1577 599 1728 642 subito
1755 600 1856 655 vaja
1877 601 1918 643 al

286 684 417 738 amic,
449 698 478 738 y
500 683 617 724 done
640 682 681 723 la
709 695 791 723 sua
818 677 1091 728 informatio,
1117 692 1145 732 y
1169 678 1269 731 saca
1291 677 1319 718 l'
1357 676 1475 719 offici
1498 690 1587 732 que
1609 677 1764 732 podra,
1791 684 1918 722 antes

283 776 373 817 que
395 761 506 802 altre
528 773 651 814 puga
674 758 833 812 scaber
855 769 943 810 que
966 769 1013 797 se
1038 760 1170 797 trata.

372 837 616 891 Inscriptio
643 836 702 877 ad
731 835 892 876 calcem
923 831 1146 874 secundae
1168 831 1391 887 paginae:
1419 831 1552 888 jhus.
1588 831 1714 874 Patri
1743 834 1915 874 nostro.

283 915 390 959 Soli.
418 915 525 956 Alia
556 927 710 955 mann:
745 912 870 966 1566.
901 912 971 952 De
1000 907 1289 964 Augustanis
1320 907 1528 951 comitiis.
1572 909 1826 965 Vestigium
1853 910 1921 951 si-

276 992 401 1049 gilli.

978 1094 980 1096 ·
1029 1072 1154 1113 388

749 1159 790 1194 s,
817 1156 1148 1193 FRANCISCUS
1174 1156 1245 1191 DE
1270 1155 1440 1202 BORJA

613 1226 820 1269 PATRI
864 1223 1292 1266 HIERONYMO
1336 1223 1582 1266 NADAL

856 1308 1022 1341 ROMAE,
1042 1307 1063 1343 7
1082 1308 1175 1342 MAJI
1196 1299 1286 1344 1566
1306 1300 1338 1334 ⁵.

275 1381 309 1417 I,
328 1380 363 1406 2.
387 1370 562 1405 Lectores
572 1372 648 1416 pro
667 1367 845 1413 collegiis
855 1365 1077 1412 parisiensi
1091 1367 1127 1400 et
1141 1365 1357 1412 dilingano
1371 1365 1728 1412 procurandi.—3.
1745 1365 1793 1400 P.
1810 1365 1914 1400 Paez

322 1431 523 1465 lusitanus
538 1430 580 1463 in
593 1426 860 1462 Germaniam
876 1425 1159 1468 mitidum-4.
1173 1424 1351 1471 Collegio
1361 1424 1540 1472 plocensi
1555 1425 1717 1460 lectores
1723 1424 1816 1470 jam
1824 1425 1914 1459 mit-

322 1489 431 1524 tendi
445 1489 742 1529 widmann—5.
763 1485 819 1520 De
834 1483 1079 1531 confessario
1093 1484 1441 1530 reginarum-6,
1458 1485 1512 1519 P.
1536 1484 1729 1519 Ludovici
1746 1485 1792 1519 de
1807 1484 1916 1519 Men-

319 1550 429 1588 doza,
449 1547 609 1592 ejusque
627 1545 737 1585 socii,
758 1555 858 1579 cura
875 1543 1170 1587 liabenda.—7.
1196 1543 1291 1577 Post
1316 1544 1512 1590 scriptum
1538 1545 1584 1578 de
1609 1543 1849 1589 quibusdam
1870 1544 1915 1579 li-

321 1607 401 1642 bris
418 1609 453 1641 et
473 1607 518 1641 de
538 1604 682 1651 templo
697 1614 866 1638 romano
887 1603 1096 1638 Societatis
1114 1614 1139 1637 a
1158 1602 1353 1638 Farnesio
1371 1603 1584 1650 erigendo.

371 1697 407 1727 1.
467 1685 598 1740 Jhus.
628 1683 767 1725 Molto
798 1681 915 1723 Rdo.
943 1680 989 1722 in
1018 1681 1136 1735 Xpo.
1165 1681 1325 1723 Padre.
1356 1683 1451 1723 Pax
1475 1680 1608 1737 Xpi.,
1636 1687 1723 1724 etc.
1751 1682 1913 1737 Doppo

278 1762 425 1817 quelle
447 1761 491 1803 di
516 1762 571 1803 V.
599 1761 673 1812 R,
699 1759 744 1800 di
767 1759 793 1800 6
823 1765 868 1802 et
896 1770 945 1812 13
975 1757 990 1778 ⁴
1012 1758 1085 1801 del
1116 1765 1314 1813 passato,
1340 1759 1426 1801 alle
1449 1757 1569 1813 quali
1592 1761 1629 1800 s'
1655 1759 1680 1802 6
1711 1759 1823 1802 fatta
1852 1758 1924 1801 ri-.

275 1846 443 1894 sposta,
470 1838 505 1880 si
530 1852 639 1879 sono
663 1836 868 1879 riceuute
891 1835 1038 1890 quelle
1067 1834 1112 1876 di
1142 1848 1192 1891 19
1214 1836 1285 1878 del
1309 1835 1556 1879 medesimo
1581 1837 1612 1887 ⁵,
1638 1842 1684 1878 et
1707 1835 1747 1878 ci
1769 1835 1910 1879 siamo

276 1915 493 1957 consolati
524 1916 572 1955 in
606 1914 803 1955 Domino
839 1913 955 1954 della
992 1913 1143 1954 buona
1182 1912 1351 1956 recolta
1387 1912 1432 1954 di
1470 1919 1631 1967 questa
1668 1912 1906 1956 settimana

274 1999 403 2035 santa
424 1991 467 2033 in
493 1992 720 2045 Augusta,
747 1996 791 2032 et
814 1990 959 2032 anche
982 1990 1018 2030 s’
1039 1990 1064 2030 6
1083 1989 1306 2045 ralegrata
1328 1990 1423 2033 Sua
1445 1989 1639 2041 Santita‚
1666 1990 1752 2032 3113
1775 1989 1907 2045 quale

273 2070 310 2112 si
335 2075 586 2111 mostrorno
608 2068 650 2110 16
672 2068 848 2118 lettere,
874 2079 958 2107 con
983 2080 1044 2106 un
1068 2065 1264 2121 capitulo
1287 2066 1332 2108 di
1356 2067 1504 2121 quelle
1526 2063 1598 2111 del
1623 2068 1676 2109 P.
1704 2065 1904 2109 Canisio.

341 2235 352 2255 ¹
404 2234 506 2268 Loco
525 2233 584 2268 sui
602 2232 781 2275 nominis,
804 2232 901 2266 haec
920 2230 1075 2277 scripsit
1094 2232 1259 2278 Natalis,
1279 2232 1391 2279 cujus
1410 2233 1567 2280 quidem
1587 2245 1724 2268 manus
1748 2233 1904 2269 notissi-

271 2306 331 2329 ma
350 2293 529 2339 Borgiae,
550 2297 746 2327 auctorem
765 2291 953 2337 epistolae
978 2291 1224 2336 apertissime
1243 2292 1448 2338 prodebat.

339 2356 353 2374 2
404 2354 574 2398 Joannes
594 2351 769 2386 Andreas
789 2349 977 2395 Caligari.

339 2413 352 2431 ·'·
403 2412 461 2447 Ex
480 2411 705 2456 archetypo,
724 2421 745 2444 3
764 2410 912 2454 Joanne
931 2409 1155 2444 Fernandez
1174 2416 1347 2454 exarato,
1366 2411 1428 2446 eui
1447 2412 1724 2458 postscriptum
1748 2412 1900 2458 propria

267 2483 382 2507 manu
397 2470 543 2505 addidit
557 2470 696 2515 Borgia
710 2474 797 2515 post
811 2470 1088 2514 autographam
1108 2470 1450 2516 subscriptionem,
1466 2470 1612 2517 duplici
1627 2471 1707 2513 fol„
1729 2479 1792 2516 175
1807 2471 1896 2517 (53).

267 2531 444 2566 Alterum
464 2530 684 2575 exemplum
702 2529 866 2563 habetur
885 2527 924 2562 in
945 2528 1132 2573 Regesto,
1157 2527 1251 2563 Cod.
1274 2529 1387 2575 33f),
1408 2529 1479 2565 fol.
1506 2539 1587 2576 107,
1603 2530 1667 2565 cui
1684 2531 1796 2566 deest
1813 2536 1900 2577 post

265 2589 451 2636 scriptum
472 2589 651 2634 Borgiae.

335 2651 349 2670 '⁶
401 2648 502 2683 Vide
523 2647 641 2694 epist.
665 2646 750 2692 375,
769 2651 905 2681 annot.
935 2654 948 2679 Ι
963 2672 971 2680 .

334 2710 347 2729 ³⁵
395 2708 510 2742 Error
535 2718 622 2742 esse
647 2705 819 2751 videtur,
839 2716 907 2751 pro
926 2714 969 2749 13
993 2705 1057 2739 del
1075 2705 1308 2740 anedesimo.
1340 2704 1440 2740 Vide
1459 2705 1563 2741 dieta
1588 2706 1626 2742 in
1651 2714 1788 2743 annot.
1816 2716 1829 2741 Ι
1854 2709 1902 2744 ad

261 2768 379 2814 epist.
410 2766 478 2811 375
498 2771 537 2801 et
563 2765 645 2810 3763
672 2764 747 2800 nisi
772 2764 871 2799 forte
897 2763 1024 2810 aliqua
1050 2763 1227 2810 epistola,
1256 2764 1462 2809 Augustae
1480 2764 1544 2800 die
1562 2774 1607 2811 19
1634 2767 1736 2810 data,
1758 2771 1898 2807 amissa

259 2827 393 2862 fuerit.
415 2827 462 2861 Et
480 2837 521 2860 re
540 2824 697 2872 quidem
716 2835 809 2858 vera
834 2823 872 2858 in
892 2822 1011 2869 epist.
1035 2822 1118 2868 382,
1135 2835 1178 2858 n.
1202 2824 1237 2867 6,
1258 2823 1312 2859 ait
1334 2823 1483 2859 Natalis
1502 2836 1545 2859 se
1571 2826 1774 2872 scripsisse
1798 2833 1895 2878 ogni

256 2887 472 2921 settimana
490 2885 521 2919 il
538 2884 686 2927 sabato3
707 2882 808 2917 unde
829 2881 945 2916 etiam
967 2890 1008 2926 19
1028 2883 1089 2916 vel
1109 2890 1154 2916 20
1174 2881 1319 2928 Aprilis
1337 2881 1418 2929 (qui
1436 2882 1502 2917 illo
1520 2894 1621 2918 anno
1639 2885 1796 2922 fuerunt
1809 2889 1892 2925 dies

257 2943 412 2979 veneris
431 2948 470 2978 et
488 2942 656 2985 sabbati)
674 2941 782 2976 illum
806 2939 1008 2986 scripsisse
1033 2940 1199 2986 Borgiae
1219 2940 1455 2976 credendum
1475 2946 1553 2977 est.
1579 2944 1693 2988 Quod
1720 2945 1751 2981 si
1780 2946 1890 2993 fecit,

255 3003 407 3039 litterae
426 3002 591 3037 amissae
610 3000 730 3036 fuisse
749 2999 948 3035 videntur.
