2101 3348
806 225 1027 261 APPEme
1413 207 1416 210 Ι
1615 223 1686 268 763

95 324 196 377 rali,
228 332 273 370 et
300 326 395 381 ipse
422 327 531 369 baro
563 325 659 382 agit
688 340 871 380 quoque
903 340 1006 368 cum
1044 325 1328 381 imperatore.
1362 326 1549 367 Romam
1579 325 1728 367 adhuc

93 384 206 426 nihil
248 385 405 441 scripsi
447 385 658 441 cuipiam,
699 392 1015 440 praeterquam
1058 386 1114 427 ad
1157 383 1477 441 praepositum.
1519 385 1729 427 Vestram

91 449 245 487 autem
273 445 435 486 Ill.mam
460 444 785 487 Celsitudinem
819 451 1080 488 reuerenter
1112 459 1223 500 rogo
1253 443 1338 486 sibi
1375 445 1460 485 hoc
1491 443 1727 499 negotium

92 503 216 544 cordi
234 517 334 547 esse
351 503 475 555 velit,
497 510 540 547 et
560 503 717 546 iuuare
734 518 833 554 nos,
855 511 905 545 ut
922 503 1054 545 citius
1072 503 1456 559 dispensationem
1474 517 1500 544 a
1516 504 1564 546 S.
1584 504 1643 545 D.
1665 504 1723 545 N.

92 561 398 616 impetremus.
436 564 628 605 Tractus
656 563 731 605 ille
758 562 803 604 in
837 562 1062 605 territorio
1100 562 1269 604 domini
1292 577 1317 604 a
1341 561 1471 604 Rosis
1503 568 1572 605 est
1604 569 1728 604 totus

91 622 240 664 adhuc
270 621 545 675 catholicus,
577 629 622 664 et
651 622 788 663 habet
815 622 943 676 plura
972 621 1257 665 monasteria.
1293 623 1521 665 Mereatur
1558 635 1727 675 quaeso

89 681 207 723 hanc
229 681 409 723 laudem
430 681 632 723 111.maD.
654 681 839 733 Vestra,
865 688 909 723 et
932 688 1194 736 promoueat
1223 680 1458 736 negotium
1486 687 1577 722 tam
1601 680 1727 736 pium

88 745 133 781 et
161 739 269 783 vtile
299 740 535 782 ecclesiae.
566 739 671 782 Dixi
701 739 820 783 enim
850 740 1010 783 baroni
1043 755 1114 783 me
1147 742 1258 782 haec
1292 755 1369 795 per
1387 740 1528 782 solam
1557 740 1727 782 Ill.mam

88 799 146 841 D.
175 800 382 842 Vestram
407 806 762 842 tractaturum...

858 913 962 954 XIII
1018 940 1025 945 -

625 1002 675 1036 B.
707 1000 909 1036 PETRUS
937 999 1182 1035 CANISIUS

458 1092 669 1122 SANCTO
710 1092 1025 1122 FRANCISCO
1064 1092 1133 1121 DE
1174 1091 1350 1130 BORJA

593 1167 822 1224 Dilingae,
851 1178 904 1221 25
923 1166 1031 1224 Julii
1060 1167 1170 1221 1566
1198 1169 1224 1208 ⁸.

86 1254 247 1290 Natalis
265 1256 308 1290 in
327 1256 538 1290 Austrianz
555 1257 842 1302 proficiscitur:
862 1257 908 1291 de
928 1257 1194 1291 instrumento
1205 1255 1471 1301 fundationis
1486 1255 1647 1302 collegii
1662 1256 1723 1290 di—

134 1315 298 1361 lingani
312 1327 400 1350 cum
420 1315 598 1362 episcopo
617 1319 846 1363 augustano
865 1315 1122 1361 colloquitur:
1141 1315 1381 1362 reginarmlz
1397 1327 1537 1349 curam
1554 1327 1579 1348 α
1595 1315 1722 1350 Socie-

133 1377 213 1408 tate
230 1375 340 1409 haud
357 1375 780 1422 assumendamfuisse
798 1376 1015 1410 existimat.

252 1452 296 1494 A
321 1464 370 1494 21
397 1452 442 1494 di
466 1459 627 1506 questo
652 1467 774 1496 mese
797 1452 833 1494 si
858 1452 973 1508 parti
998 1452 1042 1494 di
1065 1466 1154 1507 qua
1182 1452 1212 1493 il
1231 1453 1344 1494 Rdo.
1384 1452 1531 1494 Padre
1560 1458 1716 1493 nostro

82 1510 330 1563 visitatore,
351 1519 396 1553 et
413 1512 601 1555 insieme
619 1527 704 1554 con
722 1512 784 1554 lui
802 1512 831 1554 il
850 1514 906 1555 D.
935 1511 1088 1554 Pietro
1105 1513 1314 1566 hungaro
1333 1511 1364 1562 ²,
1392 1512 1470 1565 (lui
1489 1525 1714 1567 magnum

82 1571 156 1612 sui
178 1571 455 1612 desiderium
485 1572 639 1614 multis
670 1572 749 1614 hoc
782 1573 871 1613 loco
904 1572 1101 1626 reliquit,
1137 1574 1188 1613 P.
1213 1573 1328 1613 Paes
1347 1571 1378 1621 ⁵,
1416 1570 1445 1611 il
1469 1571 1574 1625 qual
1598 1571 1716 1612 forse

81 1630 181 1672 sara
203 1630 485 1685 predicatore
507 1632 597 1674 dell
618 1630 906 1687 imperatrice
930 1630 978 1672 in
1002 1631 1194 1682 Vienna,
1221 1638 1265 1672 et
1289 1630 1319 1672 il
1352 1637 1510 1672 nostro
1540 1630 1715 1671 fratello

80 1688 302 1732 Giacomo
323 1690 354 1742 ⁴,
381 1692 465 1733 che
487 1690 516 1731 l’
542 1705 660 1733 anno
684 1700 863 1746 passato
888 1691 934 1732 fu
958 1704 1086 1733 meco
1109 1689 1154 1731 in
1178 1691 1338 1740 Roma,
1372 1696 1417 1731 et
1440 1689 1468 1729 l’
1491 1688 1648 1731 ultimo
1667 1690 1714 1730 fu

80 1748 376 1804 Sigismondo
395 1752 426 1802 5,
452 1749 482 1790 il
499 1750 604 1804 qual
626 1747 879 1793 hauendosi
901 1749 1076 1804 spedito
1100 1763 1183 1791 con
1206 1748 1233 1790 li
1251 1748 1350 1790 suoi
1368 1748 1413 1789 in
1434 1750 1598 1803 Praga,
1620 1755 1715 1790 tor-

81 1810 190 1850 nara
213 1807 257 1849 di
280 1822 436 1850 nuouo
461 1823 486 1850 a
508 1809 709 1864 Dilinga,
743 1810 962 1864 piacendo
985 1809 1027 1851 al
1044 1808 1254 1863 Signore.
1294 1809 1424 1851 Oltra
1455 1807 1500 1849 di
1535 1814 1713 1861 questO,

80 1866 271 1922 pigliara
293 1867 323 1909 il
345 1869 469 1909 detto
494 1868 640 1911 Padre
663 1868 740 1910 doi
763 1868 919 1922 nouitij
945 1867 987 1910 d’
1010 1867 1286 1923 Ingolstadio
1310 1882 1389 1922 per
1412 1866 1598 1910 menarli
1627 1880 1713 1908 con

79 1940 185 1968 seco
207 1926 251 1968 in
276 1927 478 1978 Austria,
505 1927 795 1983 adiungendo
818 1941 983 1969 ancora
1004 1927 1034 1968 il
1054 1930 1105 1969 P.
1129 1926 1339 1970 Cimenes
1367 1934 1403 1978 ἃ,
1425 1941 1507 1968 suo
1525 1925 1712 1980 antiquo

79 1985 304 2029 scrittore.
334 1988 422 2029 Per
446 1986 551 2028 tutti
574 1987 736 2041 questi,
769 1986 1061 2042 monsignore
1084 1988 1217 2028 Rmo.
1245 1994 1290 2027 et
1313 1986 1455 2028 Illino.
1484 1985 1713 2027 cardinale

77 2044 124 2086 di
147 2046 360 2100 Augusta
383 2048 441 2087 ha
463 2047 568 2088 dato
591 2060 682 2088 una
704 2061 821 2088 naue
844 2046 993 2088 insino
1022 2061 1048 2088 a
1076 2045 1269 2098 Vienna3
1306 2052 1351 2088 et
1383 2046 1405 2087 e
1439 2046 1496 2087 da
1527 2046 1711 2087 credere

80 2105 165 2147 che
187 2105 228 2145 la
252 2112 422 2147 uenuta
445 2105 518 2148 del
540 2106 746 2160 predetto
770 2106 918 2148 Padre
940 2105 1173 2148 visitatore
1196 2107 1296 2147 sara
1313 2119 1338 2146 a
1357 2105 1506 2159 quella
1522 2103 1711 2159 prouin-

78 2162 146 2205 cia
168 2163 213 2205 di
237 2164 423 2206 Austria
446 2165 585 2207 molto
608 2165 649 2207 al
672 2165 899 2220 proposito
923 2164 968 2206 in
992 2164 1139 2219 questi
1158 2163 1295 2218 tempi
1314 2171 1439 2206 tanto
1459 2163 1711 2206 turbulenti

77 2229 124 2264 et
146 2221 402 2277 periculosi,
430 2238 509 2278 per
532 2231 730 2279 respetto
754 2225 809 2266 de
831 2231 955 2266 tante
984 2223 1186 2275 motioni,
1223 2225 1306 2265 che
1338 2224 1597 2278 procedono
1629 2237 1711 2278 per

78 2288 216 2323 conto
238 2281 282 2323 di
306 2291 466 2336 questa
488 2283 788 2338 grandissima
810 2298 991 2339 guerra,
1019 2284 1081 2325 ita
1111 2287 1159 2325 ut
1187 2283 1240 2324 de
1267 2297 1446 2325 summa
1479 2296 1638 2324 ¹rerum
1672 2286 1712 2324 et

79 2342 213 2382 totius
236 2342 422 2397 imperij
444 2357 567 2384 nunc
588 2344 672 2399 agi
693 2344 919 2385 uideatur.
948 2343 1072 2385 Iddio
1098 2342 1249 2398 uoglia
1277 2356 1356 2397 per
1385 2343 1426 2384 la
1460 2356 1541 2384 sua
1570 2342 1708 2384 bonta

150 2485 170 2505 a
210 2478 288 2524 Sic,
308 2489 377 2524 pro
388 2479 592 2525 simenem-

149 2596 158 2616 ¹
210 2598 268 2632 Ex
287 2599 540 2645 autographo,
560 2599 599 2634 in
618 2599 747 2646 Epist.
773 2598 943 2642 Canini,
966 2599 1012 2643 ΙΙ,
1034 2611 1072 2634 n.
1096 2607 1175 2643 172.
1197 2598 1297 2634 Vide
1315 2609 1404 2645 pag.
1425 2597 1504 2643 1343
1529 2598 1608 2643 1963
1628 2606 1707 2643 197;

77 2664 159 2701 2093
180 2663 219 2692 et
239 2666 320 2702 275.

145 2719 159 2737 ‘²
210 2717 350 2752 Petrus
376 2718 565 2754 Hernath.

144 2776 158 2796 ⁵
208 2776 401 2812 Henricus
420 2778 521 2813 Paez
547 2778 688 2823 (Paes),
720 2778 926 2822 lusitanus,
957 2777 1005 2812 de
1024 2789 1100 2824 quo
1119 2777 1209 2812 vide
1241 2788 1372 2823 supra,
1399 2788 1492 2822 pag.
1521 2784 1601 2820 194,
1622 2784 1704 2819 214,

73 2839 204 2869 annot.
226 2845 261 2880 43
282 2841 322 2870 et
341 2836 423 2880 216,
445 2842 576 2873 annot.
597 2845 632 2882 7.

144 2896 157 2915 ⁴
208 2894 355 2941 Seeler,
383 2895 431 2931 de
456 2907 531 2943 quo
557 2896 704 2932 dietum
736 2903 797 2932 est
828 2898 867 2933 in
900 2897 1028 2944 Epist.
1056 2896 1213 2941 Natal.,
1245 2896 1295 2937 ΙΙ,
1329 2895 1411 2939 558.
1446 2893 1545 2929 Vide
1575 2905 1708 2939 supra,

74 2964 162 2999 Pag-
187 2962 267 2999 194,
290 2962 373 2999 195·

145 3012 158 3032 ⁵
209 3013 468 3049 Dominatius.
485 3014 585 3050 Vide
603 3027 692 3061 pag.
713 3024 792 3062 229,
811 3021 941 3051 annot.
963 3023 997 3059 53
1018 3019 1058 3049 et
1075 3022 1158 3060 247,
1177 3018 1312 3048 annot.
1338 3020 1370 3048 1.
