2101 3348
816 251 862 276 20
889 241 1058 277 Apmms
1088 242 1176 287 1567
1693 249 1759 286 441

174 340 468 397 predicatore,
494 342 549 384 ne
573 341 734 387 1611016
757 342 802 385 111
827 342 1071 400 theologia,
1097 344 1294 388 secondo
1317 345 1400 387 che
1422 358 1472 388 se
1493 342 1741 386 intendeua
1762 349 1812 386 et

175 424 456 474 permetteua
477 419 583 463 nelli
605 419 706 461 altri
729 419 893 476 cinque
914 420 1040 477 loghi
1063 420 1202 463 citati:
1224 428 1385 476 quatro
1408 421 1527 465 della
1548 433 1576 475 4
1598 427 1741 477 parte,
1762 427 1809 465 et

176 493 208 536 11
230 493 388 549 quinto
410 495 526 539 della
554 497 645 552 qa,
672 496 767 540 cioe
797 511 882 540 con
911 497 1158 540 conditioni
1187 504 1233 540 et
1256 497 1523 554 obligationi
1545 512 1571 541 a
1593 498 1807 540 fundato—

178 570 230 624 ri,
255 578 342 614 etc.
369 570 426 615 Et
448 573 521 615 all’
552 575 661 616 hora
689 575 774 617 era>
794 581 953 629 questa
979 575 1022 617 13
1050 574 1240 631 prattica
1269 575 1385 618 della
1417 574 1701 631 Compagnia
1731 575 1807 618 nel

177 656 328 704 tempo
352 650 425 693 del
448 651 498 692 P.
523 651 639 693 Mro.
671 633 864 707 Ignatio,
885 665 971 694 con
989 650 1146 696 ordine
1163 659 1208 695 et
1225 652 1551 707 approbatione
1568 666 1666 695 sua:
1688 651 1803 707 cioe,

169 725 258 769 che
281 726 431 769 fusero
453 727 718 784 obligationi
740 735 785 772 et
806 726 1053 771 conditioni
1075 727 1244 772 riferite
1261 730 1302 771 31
1323 729 1562 773 fundatore
1579 736 1624 773 et
1640 730 1803 772 funda-

171 801 307 847 tione.
335 804 392 845 Et
418 817 510 846 non
538 818 645 860 pare
675 804 711 847 51
739 811 939 861 puoteua
966 803 1188 849 intender’
1214 805 1259 847 di
1288 813 1447 860 questa
1475 805 1548 848 ch’
1571 805 1703 849 insin'
1726 807 1800 849 all’

167 880 278 921 hora
300 894 391 923 non
413 883 449 923 s’
475 882 654 926 haueua
675 881 836 935 inteso‚
862 881 918 924 ne
946 881 1178 938 parlatosi:
1205 881 1318 934 cioe,
1345 884 1432 926 che
1453 883 1496 926 la
1518 883 1802 940 Compagnia

165 970 258 999 non
280 957 316 1000 51
338 958 516 1014 puotesi
540 958 715 1015 obligat
738 973 762 1000 a
785 973 834 1003 se
856 965 1014 1002 stessa.
1042 960 1099 1001 Et
1122 966 1284 1014 questo
1312 960 1349 1002 51
1378 961 1467 1015 puo
1490 962 1655 1005 vedere
1683 961 1800 1004 delle

165 1035 318 1089 parole
350 1042 394 1079 et
427 1035 680 1091 spagnuole
709 1042 754 1079 et
782 1033 921 1079 latine
948 1035 1063 1078 della
1092 1035 1432 1080 constitutione.
1466 1037 1516 1079 In
1545 1038 1800 1093 spagnuolo

164 1109 294 1154 dice:
325 1129 341 1150 <‹
364 1126 423 1154 no
452 1111 673 1156 conuiene
702 1117 853 1155 acetar
886 1111 1098 1155 dotacion
1134 1111 1338 1165 ninguna
1366 1127 1452 1156 con
1481 1113 1740 1170 obligarnos
1773 1119 1799 1158 a

163 1187 245 1230 dar
271 1188 551 1243 predicador,
576 1191 602 1231 ὁ
634 1189 881 1240 confessor,
913 1192 940 1231 ό
967 1189 1110 1232 166101
1130 1189 1300 1245 alguno
1323 1197 1343 1217 a
1365 1190 1427 1234 ,de
1450 1191 1735 1247 theologia.»
1763 1193 1797 1234 Il

161 1265 267 1319 qual
289 1265 422 1308 modo
443 1265 489 1307 di
509 1265 698 1320 pariare,
724 1266 922 1310 secondo
950 1267 1037 1309 che
1064 1265 1164 1309 dice
1187 1266 1422 1319 Ximenez,
1449 1267 1493 1309 in
1516 1268 1796 1324 castegliano

160 1339 366 1397 significa
396 1341 426 1383 il
458 1356 650 1386 comune
679 1343 815 1385 modo
853 1344 909 1387 de
938 1343 1114 1400 obligar
1142 1352 1323 1397 mutu03
1358 1351 1403 1388 et
1431 1345 1471 1387 13
1500 1345 1795 1390 11311513110116

157 1417 296 1460 1311113
334 1420 579 1474 approbata
616 1434 696 1476 per
728 1420 769 1462 la
801 1420 1179 1477 congregatione,
1212 1421 1255 1464 10
1287 1421 1517 1477 significa,
1549 1423 1638 1467 che
1669 1422 1790 1467 dice:

160 1495 266 1537 Non
289 1497 502 1539 conuenit
524 1497 663 1539 ullam
687 1498 871 1555 collegio
892 1498 1161 1541 dotationem
1191 1499 1448 1551 admittere,
1465 1505 1552 1555 per
1574 1514 1710 1556 quam
1733 1501 1792 1543 ad

152 1571 359 1614 dandum
388 1574 767 1627 concionatorem,
790 1578 870 1617 aut
891 1575 1250 1633 confessarium,
1279 1580 1359 1618 aut
1391 1577 1595 1619 lectorem
1629 1577 1792 1620 theolo—

147 1649 258 1705 giae
280 1649 474 1693 Societas
496 1651 734 1708 obligetur.
762 1653 810 1694 111
834 1653 967 1695 modo
990 1654 1076 1698 che
1099 1668 1189 1696 non
1213 1668 1318 1709 pare
1341 1654 1600 1710 prohibirsi,
1621 1656 1650 1697 1’
1673 1655 1790 1698 obli-

149 1725 333 1781 gatione
355 1728 607 1771 voluntaria
629 1728 719 1772 non
742 1729 911 1773 riferita
928 1731 1013 1774 alla
1030 1731 1275 1782 (1013111116,
1303 1732 1359 1774 ne
1377 1733 1417 1774 al
1440 1732 1661 1785 dotatore3
1683 1747 1788 1789 pera

150 1804 237 1847 che
260 1812 420 1860 questa
441 1820 532 1849 non
554 1808 591 1849 s'
616 1801 763 1850 acetta
795 1822 908 1850 «con
931 1808 1192 1864 obligarnos
1221 1813 1245 1851 a
1273 1810 1353 1851 dar
1374 1809 1664 1865 predicador»
1694 1810 1785 1852 imo

150 1894 199 1924 56
226 1890 354 1926 36613
389 1884 668 1939 simpliciter,
699 1886 797 1928 sine
829 1886 1079 1928 conditione
1111 1887 1280 1942 aliqua.
1316 1888 1411 1929 Nec
1443 1888 1702 1930 admittitur
1734 1901 1787 1930 ea

148 1959 325 2011 dotatio,
343 1965 430 2016 per
452 1975 588 2016 quam
612 1963 670 2003 ad
693 1963 897 2005 dandum
921 1964 1298 2016 concionatorem,
1324 1972 1431 2015 etc.,
1457 1965 1682 2021 obligetur
1703 1965 1786 2007 So-

146 2036 295 2087 cietas;
318 2039 408 2079 imo
430 2039 552 2081 nullo
568 2044 699 2094 pacto
722 2055 801 2096 per
823 2041 973 2095 quella
1003 2042 1027 2084 e
1056 2041 1256 2097 obligata
1286 2042 1327 2084 la
1351 2041 1636 2098 Compagnia
1657 2056 1683 2085 a
1705 2043 1786 2085 dar

144 2114 402 2158 confessore
426 2130 452 2157 0
488 2116 791 2171 predicatore,
817 2124 905 2161 etc.
931 2117 990 2160 Di
1019 2118 1155 2161 modo
1184 2119 1270 2161 che
1301 2133 1408 2174 pare
1437 2120 1521 2161 che
1550 2133 1642 2161 non
1671 2133 1782 2162 con-

146 2190 328 2243 tradica,
353 2192 383 2234 11
406 2194 538 2236 modo
555 2193 598 2236 di
618 2193 820 2250 obligare
842 2195 883 2238 13
901 2195 1184 2251 Compagnia
1201 2210 1250 2238 56
1267 2203 1427 2249 516553,
1449 2211 1474 2239 3
1492 2203 1653 2251 questa
1670 2210 1782 2239 con—

143 2266 395 2313 stitutione.
422 2270 478 2312 Et
500 2272 779 2326 simpliciter,
803 2271 839 2315 51
862 2272 1090 2329 vogliamo
1119 2272 1420 2325 considerare,
1447 2288 1538 2316 non
1561 2273 1598 2315 si
1621 2273 1781 2329 prohi-

144 2342 266 2389 bisce
288 2347 405 2390 nella
428 2347 711 2404 Compagnia
733 2349 846 2392 altra
868 2349 1162 2406 obligatione,
1185 2351 1271 2394 che
1289 2351 1438 2406 quella
1460 2351 1547 2394 che
1570 2350 1593 2393 ὲ
1610 2349 1780 2394 riferita

145 2421 230 2465 alle
252 2436 355 2466 cose
379 2425 627 2480 temporali,
654 2430 702 2468 ut
720 2427 896 2482 lzocpro
918 2427 994 2469 illo
1008 2427 1028 2454 ¹³
1049 2427 1087 2470 si
1112 2427 1240 2480 facci,
1267 2442 1292 2470 o
1316 2427 1353 2470 51
1376 2427 1529 2479 366111,
1550 2442 1577 2470 0
1599 2426 1728 2484 pigli,
1754 2442 1780 2470 o

144 2497 182 2540 51
203 2499 432 2553 domandi,
458 2515 505 2544 se
527 2516 618 2544 non
647 2503 912 2558 simpliciter
941 2518 1020 2560 per
1047 2503 1075 2546 l'
1098 2503 1236 2547 amor'
1265 2505 1321 2547 de
1349 2504 1452 2547 Dio.
1485 2505 1519 2546 11
1541 2505 1640 2547 1060
1662 2504 1779 2547 (16113

145 2573 263 2618 bolla
294 2578 319 2619 e
352 2585 542 2632 questo:
585 2580 745 2622 Gratis
781 2582 965 2624 omnino
1001 2584 1040 2623 et
1077 2582 1200 2624 nullo
1225 2586 1313 2637 pro
1345 2596 1425 2623 sno
1457 2582 1507 2623 in
1530 2582 1781 2637 praedictis

138 2652 345 2695 omnibus
375 2654 545 2710 labore,
578 2656 799 2711 stipendio
831 2661 1015 2713 accepto,
1045 2672 1091 2700 se
1128 2659 1282 2700 utilem
1316 2658 1540 2710 exhibeat,
1577 2665 1665 2701 etc.
1692 2659 1780 2702 Nel

136 2726 280 2783 primo
310 2729 504 2786 capitolo
532 2733 604 2776 del
633 2747 839 2777 essamen
867 2734 905 2778 si
934 2734 1064 2778 dice:
1094 2752 1111 2775 <‹
1135 2735 1193 2779 Ni
1223 2743 1431 2791 tampoco
1459 2749 1540 2791 por
1568 2735 1727 2778 missas
1750 2739 1777 2778 o

203 2868 224 2889 a
268 2862 442 2911 Archet.,
461 2866 704 2914 alguna.—b
736 2867 922 2916 Sequitur
932 2869 1013 2917 fiat
1032 2869 1297 2906 obliteratum.

133 2983 228 3020 illud
246 2991 398 3033 tempus
417 2988 589 3025 additum
609 2991 744 3035 fuisse,
764 2991 1012 3028 confirmatur
1031 3005 1079 3028 ex
1098 2993 1159 3035 iis,
1179 3005 1278 3040 quae
1304 2994 1349 3028 P.
1375 2993 1424 3028 de
1442 2994 1479 3029 la
1497 2994 1617 3029 Torre
1634 2993 1672 3028 in
1692 2991 1776 3027 edi-

136 3041 241 3078 tione
260 3045 581 3083 constitutionum
601 3061 723 3096 nuper
746 3051 930 3097 allegata,
948 3063 1042 3098 pag.
1069 3051 1148 3099 135,
1170 3059 1306 3088 annot.
1332 3053 1399 3098 (a),
1419 3051 1569 3088 scribit.
