2101 3348
317 190 386 225 280
836 189 973 224 EPIST.
1001 188 1046 223 P.
1073 185 1342 232 NADAL-443

268 297 417 334 menta
441 291 715 344 conduntur,
742 304 846 332 cum
874 289 1012 332 uellet
1034 288 1110 331 illa
1131 288 1314 331 omnino
1337 289 1444 332 dare
1466 289 1519 331 Ρ.
1552 287 1774 341 Hermeti,
1806 303 1897 345 ego

266 380 449 422 prorsus
473 366 655 422 negaui,
682 367 957 409 confirmans
977 365 1022 408 id
1050 365 1148 408 fieri
1176 380 1267 408 non
1296 380 1428 421 posse
1455 379 1512 407 ex
1539 364 1761 408 instituto:
1795 371 1897 408 tan-

264 450 359 484 tuin
383 443 601 495 concessi,
629 451 679 485 ut
701 443 857 487 eadem
879 443 1158 487 donarentur
1180 441 1388 499 collegio,
1409 443 1466 485 ad
1487 443 1609 498 quod
1627 444 1679 486 P.
1701 443 1894 485 Hermes

263 528 482 562 uenturus
505 527 638 563 esset.
666 521 783 563 Cum
807 535 964 563 rursus
986 521 1296 572 contenderet,
1325 527 1374 562 ut
1395 527 1547 563 essent
1568 519 1644 563 illa
1672 519 1769 564 eius
1798 520 1893 562 col-

262 595 383 651 legii,
415 597 470 638 ad
501 598 621 651 quod
652 599 702 640 Ρ.
739 599 933 642 Hermes
970 597 1164 640 subinde
1200 597 1392 649 ueniret,
1429 597 1745 641 uehementius
1782 597 1894 639 illud

260 672 444 727 negaui,
472 681 515 717 et
538 673 645 726 dixi,
678 682 728 716 ut
757 674 898 730 prius,
929 674 1040 717 illud
1063 674 1157 718 fieri
1188 689 1279 717 non
1307 689 1456 730 posse,
1487 681 1533 718 et
1555 689 1760 731 pugnare
1789 689 1892 717 cum

260 750 583 794 constitutione
613 759 784 804 nostra,
825 759 871 796 et
908 753 964 795 ad
993 751 1153 795 uitium
1183 751 1463 808 proprietarii
1501 751 1740 808 pertinere.
1777 753 1894 795 Cum

263 827 424 870 iterum
448 827 521 870 illa
544 828 714 873 diceret
738 845 808 874 me
831 829 919 873 iam
943 829 1242 882 consensisse,
1269 829 1361 872 dixi
1392 845 1462 872 me
1485 844 1576 872 non
1598 829 1892 883 concessisse,

260 919 408 959 neque
431 907 697 959 concedere,
724 907 809 951 nisi
832 908 951 951 sicut
973 915 1041 951 est
1068 923 1205 964 supra
1229 908 1415 951 dictum.
1449 909 1565 951 Cum
1595 907 1896 963 interrogaret

258 998 312 1026 ex
335 998 422 1036 me,
448 999 504 1026 an
528 991 712 1039 possent
735 985 946 1030 mulieres
969 987 1014 1028 in
1038 986 1280 1043 collegium
1319 992 1524 1029 nostrum
1553 984 1748 1041 ingredi,
1783 983 1891 1038 dixi,

258 1073 314 1101 ex
336 1060 735 1105 constitutionibus
763 1063 929 1106 nostris
958 1065 1044 1106 hoc
1073 1063 1203 1106 nobis
1234 1078 1334 1107 esse
1365 1062 1672 1105 interdictum:
1704 1077 1892 1107 conces-

259 1136 369 1179 sisse
393 1152 473 1180 nos
498 1145 645 1182 tamen
674 1139 799 1195 ipsis,
831 1148 1012 1197 propter
1040 1156 1194 1184 earum
1219 1149 1263 1185 et
1292 1140 1473 1197 generis
1495 1147 1540 1183 et
1562 1140 1782 1182 uirtutum
1812 1155 1892 1184 ex-

258 1214 529 1258 cellentiam:
551 1216 764 1270 alioquin,
785 1217 821 1260 si
840 1218 927 1261 alio
950 1218 1142 1263 fuissent
1165 1220 1264 1262 loco
1286 1226 1435 1270 natae,
1457 1233 1539 1261 nos
1557 1232 1789 1273 nunquam
1805 1219 1891 1260 hoc

258 1290 345 1333 illis
367 1306 677 1336 concessuros.
712 1296 872 1350 Neque
903 1302 1051 1340 tamen
1085 1298 1274 1352 probare
1314 1298 1595 1351 frequentem
1628 1294 1805 1339 illarum
1837 1295 1894 1337 ad

259 1369 441 1411 hortum
465 1384 715 1414 accessum.

349 1447 388 1487 A
412 1450 552 1503 tergo,
571 1449 781 1504 fimenez
809 1466 969 1494 manu:
998 1454 1130 1508 Quae
1160 1454 1296 1496 Pater
1323 1452 1497 1496 Natalis
1526 1451 1638 1495 dixit
1668 1459 1763 1495 2.²²e
1791 1466 1895 1508 per—

258 1537 412 1567 sonae.
441 1526 625 1568 Natalis
648 1542 814 1570 manu:
835 1544 895 1572 m.

1022 1636 1138 1675 343

725 1719 769 1754 S.
803 1719 1135 1756 FRANCISCUS
1162 1720 1232 1754 DE
1258 1719 1427 1765 BORJA

614 1785 812 1827 PATRI
845 1786 1270 1829 HIERONYMO
1304 1787 1546 1829 NADAL

747 1870 914 1903 ROMAE,
946 1851 989 1896 26
1021 1870 1230 1897 ocrossms
1260 1861 1350 1907 1566
1373 1865 1399 1897 ¹.

258 1928 294 1953 1.
320 1919 445 1955 Initia
469 1922 629 1968 collegii
655 1927 931 1962 olomucensis:
956 1927 1042 1962 ΡΡ.
1063 1928 1250 1962 Hernatlz
1266 1930 1301 1962 et
1328 1928 1450 1963 Perez
1474 1931 1645 1964 rectores
1669 1928 1894 1975 Tyrnaviae

305 1985 341 2013 et
371 1980 579 2016 Olomutii:
609 1984 801 2031 magistri
820 1987 897 2031 pro
921 1986 1101 2032 collegiis
1125 1986 1339 2021 Pultoviae
1363 1990 1399 2021 et
1425 1985 1739 2034 Brazcnsbergae
1758 1989 1895 2034 provi-

305 2039 536 2076 dendi.—2.
574 2043 814 2079 Provinciae
845 2045 1042 2080 Franciae
1073 2048 1109 2081 et
1134 2046 1380 2091 Aquitaniae
1411 2059 1436 2081 a
1467 2047 1611 2082 Natali
1640 2047 1895 2083 lustrandae:

305 2098 562 2146 collegiorum
581 2102 737 2148 Spirae,
748 2103 989 2151 Herbipoli8‚
1006 2104 1142 2140 Leodii
1154 2108 1191 2140 et
1207 2105 1345 2140 Sancti
1359 2106 1587 2141 Audomari
1601 2107 1801 2141 institutio
1815 2106 1896 2142 Na-

306 2158 653 2204 taliprocuranda
673 2164 956 2198 committitur.
971 2174 1051 2210 -3.
1077 2165 1137 2200 De
1158 2165 1320 2200 Simone
1335 2169 1522 2212 pruteno:
1548 2167 1595 2201 de
1613 2167 1779 2213 collegio
1804 2167 1896 2202 Tre-

307 2217 442 2252 bonae:
468 2220 514 2253 cle
539 2220 702 2255 Nicolao
728 2222 948 2267 Salia—4.
975 2224 1259 2268 Quorumdam
1280 2225 1515 2271 principum
1539 2225 1669 2260 nimia
1693 2237 1793 2272 erga
1817 2226 1895 2261 dis·

305 2276 406 2311 colos
421 2277 687 2314 benevolentia
705 2286 1055 2317 commemoratur:
1077 2285 1123 2318 de
1142 2285 1317 2319 remedio
1335 2284 1554 2319 adhibendo
1571 2285 1796 2319 consulitur
1813 2285 1892 2320 Na-

307 2336 502 2380 talis—5.
527 2338 586 2372 De
618 2339 737 2373 Petro
758 2340 880 2375 Pliae‘:
912 2343 958 2376 cle
976 2343 1211 2378 Hostovino:
1241 2344 1287 2378 de
1312 2343 1583 2378 Astensi.-—6.
1609 2344 1894 2380 Instructiones

309 2394 470 2429 Natalis
482 2397 720 2441 probantur.
773 2407 812 2443 7.
837 2400 896 2435 De
923 2401 1179 2449 iVolfgango,
1197 2403 1381 2448 simenez
1398 2406 1434 2438 et
1460 2403 1769 2439 Sertorium-8.
1800 2403 1893 2438 Dis·

303 2456 486 2500 pensatio
500 2459 575 2501 pro
591 2458 777 2502 pluribus
795 2459 989 2506 beneficiis
1006 2463 1128 2496 simul
1152 2463 1340 2498 habendis
1357 2465 1464 2498 dura
1480 2465 1659 2499 videtur.

359 2539 394 2569 1.
455 2529 587 2584 Jhus.
617 2530 754 2572 Molto
778 2532 889 2573 Rdo.
916 2532 960 2574 in
984 2535 1100 2589 Xpo.
1132 2536 1290 2578 Padre.
1320 2537 1416 2578 Pax
1438 2536 1568 2591 Xpi.,
1595 2544 1682 2580 etc.
1710 2537 1758 2581 Si
1781 2552 1892 2580 sono

266 2602 468 2646 riceuute
492 2604 678 2649 insieme
702 2619 728 2659 4
751 2608 906 2650 lettere
930 2609 973 2650 di
997 2611 1052 2653 V.
1081 2613 1154 2664 R„
1181 2612 1223 2654 di
1249 2624 1302 2666 27
1326 2613 1370 2654 d'
1391 2614 1585 2669 Agosto,
1609 2624 1650 2667 5,
1671 2614 1697 2656 6
1715 2621 1759 2657 et
1779 2625 1802 2667 7
1822 2615 1894 2657 del

265 2688 490 2735 presente,
517 2689 560 2724 et
584 2683 621 2724 ci
646 2683 785 2726 sianio
814 2686 952 2727 molto
981 2689 1199 2730 consolati
1231 2691 1276 2731 in
1302 2691 1520 2742 Domino,
1545 2690 1821 2733 intendendo
1852 2691 1895 2734 la

340 2825 347 2843 ¹
402 2825 456 2858 Ex
477 2824 703 2870 archetypo,
723 2837 743 2859 a
764 2826 987 2862 Fernandez
1006 2835 1176 2872 exaratO,
1205 2838 1244 2866 et
1270 2833 1434 2878 Borgiae
1460 2845 1575 2868 manu
1600 2833 1834 2880 subscriptO,
1854 2833 1894 2868 in

270 2880 362 2917 Cocl.
399 2893 458 2927 34,
491 2883 634 2929 duplici
660 2884 750 2928 fol.,
781 2884 844 2928 187
869 2887 945 2930 (74,
971 2891 1047 2931 75).
1085 2889 1365 2937 Postscriptum
1392 2894 1440 2928 ab
1466 2893 1541 2928 illis
1567 2893 1711 2929 verbis:
1740 2894 1890 2935 Padre,

268 2943 419 2983 muclzo,
440 2947 562 2977 totum
581 2949 640 2978 est
655 2944 819 2989 Borgiae
844 2949 1143 2992 autographum.
1173 2950 1272 2985 Vide
1292 2951 1406 2997 epist.
1432 2961 1515 2997 424,
1540 2952 1610 2998 432
1635 2958 1674 2987 et
1699 2951 1784 2999 433,
1808 2953 1891 2999 qui-

268 3001 340 3035 bus
357 3001 452 3036 haec
471 3002 697 3048 respondet.
