2101 3348
847 228 1066 265 APPENDIX
1654 239 1723 276 757

140 331 254 375 ctori
283 331 495 375 Mauritio
525 331 857 376 Umbelmanno
887 330 1076 386 syndico
1110 331 1295 387 capituli
1333 332 1563 388 spirensis,
1589 347 1614 375 a
1646 333 1777 388 Spira

140 391 379 435 decedenti
407 399 442 443 ²²,
469 406 541 434 me
563 391 783 446 probante
810 390 847 443 b,
873 391 945 432 die
967 390 1122 433 martis
1145 398 1246 447 post
1261 398 1278 418 c
1301 393 1465 435 festum
1488 394 1656 447 pasche
1686 396 1712 434 ¹.

234 450 526 493 Honorabilis
548 457 593 493 et
621 450 875 493 eruditione
902 459 1157 505 praestans,
1183 451 1366 495 domine
1397 451 1597 506 syndice.
1626 453 1775 506 Quem

141 510 341 552 libellum
357 509 626 552 Venerabilis
645 509 854 552 dominus
863 508 1131 563 jesuitarum
1147 510 1456 565 prouincialis²
1480 518 1586 554 ante
1604 525 1775 565 paucos

141 569 239 611 dies
275 569 408 611 nobis
445 569 798 611 co‘mmunicauit
830 569 1092 623 legendum,
1129 584 1231 613 eum
1264 584 1389 622 sane,
1432 577 1650 624 quantum
1689 571 1774 612 hoc

141 635 345 684 tempore
367 627 463 671 fieri
482 628 644 682 potuit,
665 627 941 683 perlegimus
960 628 1092 672 auide
1110 636 1154 671 et
1171 629 1377 681 libenter,
1399 629 1444 671 in
1463 643 1607 684 eoque
1625 629 1775 671 omnia

141 689 196 730 ad
229 702 362 731 verae
391 686 570 742 pietatis
587 688 866 729 incrementa
889 686 1088 741 cogitata
1116 695 1160 731 et
1188 687 1394 731 instituta
1425 703 1524 732 esse
1553 688 1772 731 intellexi-

138 761 253 789 mus.
282 746 425 789 Valde
448 745 587 801 igitur
610 746 854 801 probamus
877 747 995 788 hanc
1017 747 1136 789 vitae
1154 754 1198 789 et
1216 747 1394 803 pietatis
1412 747 1709 791 intentionem
1728 755 1773 790 et

136 805 296 849 merito
314 805 400 847 illis
417 819 756 857 succensemus,
777 805 854 859 qui
876 806 1097 848 hactenus
1119 807 1349 850 diuersum
1371 808 1426 849 de
1443 806 1623 861 jesuitis
1645 821 1770 862 spar—

136 872 308 917 serunt,
330 878 513 919 eosque,
534 864 814 916 innoeentes,
835 880 890 908 ex
908 879 1031 908 mera
1047 865 1215 908 innidia
1232 867 1372 921 vulgo
1390 865 1766 921 perstrinxerunt.

136 926 293 980 Quare
309 926 410 968 Iesu
428 923 632 968 Societas
654 929 745 977 est,
766 934 811 965 et
834 923 918 966 erit
940 925 1085 976 nobis,
1106 932 1155 966 vt
1171 939 1287 979 quae
1310 925 1518 976 maxime,
1540 940 1771 968 commen-

133 986 260 1036 data,
292 991 538 1038 nostroque
569 984 726 1025 fauore
754 982 1043 1038 singulariter
1075 985 1428 1039 complectenda.
1457 986 1521 1027 Τ6
1549 999 1673 1036 vero,
1709 985 1770 1026 mi

133 1017 335 1098 syndice,
355 1058 579 1099 propense
597 1056 826 1097 rogamUS,
827 1018 901 1084 Ουῒ
923 1042 1104 1085 domino
1122 1043 1385 1098 prouincialj
1411 1044 1691 1099 praedictum
1714 1043 1770 1085 li-

132 1104 317 1155 bellum,
343 1103 472 1145 nobis
505 1115 583 1157 per
605 1116 653 1144 se
679 1101 907 1152 traditum,
933 1102 1125 1145 fideliter
1154 1103 1277 1157 reddj
1293 1136 1302 1154 ,
1327 1110 1372 1145 et
1401 1110 1555 1145 nostro
1588 1102 1769 1146 nomine

132 1162 301 1218 gratias
315 1162 387 1217 agj
413 1162 570 1205 sedulo
592 1160 847 1216 prouideas.
875 1161 973 1203 Nisi
996 1161 1092 1204 aliis
1115 1162 1171 1205 de
1193 1161 1437 1218 improuiso
1459 1162 1763 1205 interuenien-

133 1222 253 1264 tibus
276 1221 471 1277 negotiis
495 1221 736 1263 fuissemus
753 1219 971 1275 impedstj,
999 1235 1114 1275 quae
1137 1236 1317 1277 quoque
1340 1236 1446 1273 nos,
1479 1221 1612 1264 citius
1635 1236 1768 1276 quam

129 1288 417 1336 putaramus,
449 1280 555 1322 hinc
585 1286 801 1331 auocant,
827 1279 937 1321 nihil
971 1280 1101 1322 nobis
1133 1280 1257 1336 prius
1292 1280 1473 1332 fuisset,
1500 1296 1633 1336 quarn
1664 1295 1768 1323 cum

129 1340 227 1396 ipso
244 1339 426 1382 domino
444 1339 705 1395 prouincialj
727 1353 877 1381 coram
902 1340 1115 1394 colloquj,
1142 1340 1263 1395 quod
1286 1349 1437 1383 tamen
1460 1340 1770 1383 commodiore

129 1399 367 1442 occasione
386 1400 588 1441 futurum
606 1412 838 1454 speramus
861 1405 905 1441 et
929 1406 1153 1453 optamus.
1180 1399 1362 1442 Interim
1387 1414 1480 1441 non
1504 1399 1769 1454 grauaberis

127 1473 210 1501 nos
233 1458 293 1500 illi
319 1472 557 1510 excusare,
579 1465 827 1512 nostroque
848 1458 1032 1502 nomine
1048 1458 1287 1514 plurimam
1311 1459 1501 1500 salutem
1521 1458 1565 1500 in
1586 1458 1770 1501 Christo

121 1520 231 1575 Jesu
255 1518 440 1560 domino
458 1525 613 1560 nostro
635 1517 800 1561 dicere.
826 1519 926 1574 Ipse
949 1532 1130 1573 quoque
1154 1519 1269 1560 bene
1291 1524 1336 1560 et
1355 1518 1573 1560 foeliciter
1589 1519 1705 1561 vale.

1236 1580 1527 1628 MARQUARD.

215 1638 426 1679 Tractata
455 1635 693 1679 nobiscum
724 1635 898 1679 ratione
926 1637 1104 1693 collegij
1136 1636 1425 1691 instituendj,
1452 1643 1629 1678 mature
1653 1634 1766 1678 deli—

126 1696 400 1750 berabimus,
427 1702 471 1738 et
499 1703 603 1739 ante
632 1696 845 1751 generale
874 1696 1121 1751 capitulum
1154 1696 1425 1739 sententiam
1457 1702 1658 1738 nostram
1688 1709 1768 1738 ex-

124 1755 409 1810 plicabimus,
435 1769 550 1809 quae
572 1757 853 1798 voluntatem
877 1762 1076 1798 nostram
1100 1756 1156 1797 ad
1178 1755 1436 1809 huiusmodj
1459 1754 1637 1810 pietatis
1656 1754 1767 1796 sub-

123 1814 251 1866 sidia,
278 1821 497 1869 quantum
519 1814 565 1856 in
588 1814 719 1856 nobis
752 1814 888 1857 situm
918 1815 1028 1865 erit,
1056 1814 1166 1857 satis
1197 1829 1465 1870 propensam
1495 1813 1759 1857 declarabit.

212 1875 470 1929 Inscriptio:
493 1874 522 1930 †
547 1875 606 1916 Al
628 1874 765 1915 molto
790 1874 906 1915 Rdo.
933 1874 976 1915 in
1001 1874 1184 1916 Christo
1211 1875 1371 1927 Padre,
1397 1873 1427 1915 il
1451 1875 1502 1916 P.
1532 1875 1592 1916 M.
1621 1874 1765 1915 Fran-

125 1946 256 1975 cesco
299 1933 354 1976 de
398 1933 581 1989 Borgia,
622 1933 849 1988 preposito
889 1934 1101 1988 generale
1133 1934 1250 1975 della
1291 1932 1576 1989 Compagnia
1613 1931 1657 1973 di
1694 1933 1764 1974 Ie-

122 2006 216 2043 sus,
237 1999 323 2036 etc
346 1993 394 2034 In
411 1994 567 2035 Roma.
587 1993 864 2034 Aliamamc:
888 1993 1013 2046 1566.
1034 1992 1295 2048 Capitulum
1313 1992 1532 2048 spirense.
1556 2004 1611 2044 24
1629 1990 1764 2046 Apri-

121 2051 213 2093 lis5
223 2052 452 2094 ‚Nullum
476 2052 624 2108 sigilli
641 2052 902 2107 vestigium.

189 2195 209 2214 a
250 2188 410 2234 Apogr.,
432 2188 705 2223 decedens—1³
722 2189 887 2234 Apogr.,
902 2188 1152 2234 probate.—c
1176 2188 1338 2234 Apogr.‚
1355 2190 1438 2234 pot.

120 2300 362 2335 monumenti
380 2300 580 2347 sequentis
594 2302 683 2344 (sub
702 2314 739 2336 n.
762 2302 834 2335 VII
848 2301 957 2345 editi)
974 2312 1135 2336 numero
1154 2301 1275 2345 105bis
1291 2300 1458 2347 signatO.
1476 2299 1576 2335 Vide
1591 2310 1677 2346 pag.
1700 2298 1757 2343 133

122 2368 201 2404 1173
226 2368 305 2404 127;
326 2359 408 2404 2353
429 2359 512 2404 3543
533 2359 615 2404 3683
637 2360 719 2404 3823
739 2371 823 2405 4003
845 2366 884 2395 et
902 2368 991 2405 405.

191 2420 199 2439 ¹
253 2419 298 2454 Id
316 2425 390 2464 est,
413 2419 455 2453 16
475 2419 635 2466 Aprilis3
656 2432 745 2455 nam
765 2431 865 2455 anno
884 2420 973 2464 1566
992 2421 1135 2466 pascha
1154 2420 1193 2454 in
1210 2419 1313 2455 diem
1332 2428 1375 2464 14
1396 2419 1540 2466 Aprilis
1556 2418 1702 2454 incidit.

188 2482 201 2500 ·-'
254 2479 448 2514 Antonius
468 2479 608 2526 Vinck‚
630 2479 853 2526 provinciae
872 2480 999 2514 Rheni
1018 2479 1277 2526 praepositus.

187 2538 201 2558 5
251 2538 360 2573 Haec
378 2537 424 2572 ad
444 2543 739 2573 monumentum
758 2540 831 2573 sub
850 2551 893 2574 n.
918 2539 987 2573 VII
1006 2538 1175 2585 positum
1194 2537 1331 2574 referri
1351 2537 1553 2573 videntur.
