2101 3348
357 238 425 282 718
875 234 1013 269 Emsr.
1042 232 1085 266 P.
1115 230 1386 266 NADAL—600

307 339 460 381 ciales.
486 339 557 381 De
588 334 864 392 imaginibus
886 334 1097 389 ignoscas
1135 331 1261 384 mihi,
1303 334 1453 375 Pater.
1488 332 1644 386 Quum
1672 330 1865 387 primum
1888 346 1946 374 ex

308 415 398 457 tuis
420 414 561 458 literis
583 411 783 457 intellexi
806 410 915 453 mihi
938 409 1034 453 dari
1056 408 1317 466 negocium,
1344 417 1389 451 et
1419 409 1682 452 facultatem
1712 407 1939 460 editionis,

309 491 526 548 corripuit
543 506 615 535 me
632 489 808 533 auersio
825 487 1069 544 singularis
1087 488 1143 529 ab
1161 501 1295 543 opere
1307 486 1592 537 excudendo,
1614 500 1749 540 quam
1765 485 1940 529 etiamsi

308 567 564 625 significaui
589 565 856 611 Paternitati
880 567 1022 617 Tuae,
1047 578 1139 607 non
1167 563 1355 619 exposui
1378 570 1529 606 tamen
1551 564 1787 615 hactenus;
1816 564 1940 618 quod

306 660 430 689 nunc
453 645 584 688 facio.
613 644 699 688 Cui
721 643 841 686 enim
864 640 1122 697 explicarim
1147 640 1347 683 animum
1375 655 1543 692 meum,
1570 639 1608 682 si
1640 639 1721 681 tibi
1744 653 1835 682 non
1859 655 1939 683 ex-

309 723 491 779 plicem?
514 721 670 766 Creuit
693 721 768 763 illa
784 719 920 764 animi
938 717 1116 762 auersio
1139 726 1183 761 et
1206 717 1417 760 alienatio
1440 717 1487 759 in
1509 716 1620 770 dies3
1650 723 1700 758 vt
1728 715 1816 759 iam
1839 724 1941 759 tan-

306 801 427 852 dem,
446 814 537 842 non
554 798 777 855 potuerim
796 796 905 852 quin
921 810 1020 839 eam
1039 794 1119 837 tibi
1135 793 1370 850 perspicue
1385 793 1618 850 aperirem.
1639 795 1742 837 Non
1760 808 1940 845 censeo,

309 879 460 928 Pater,
485 876 559 919 illa
581 876 771 926 edenda,
797 874 878 917 sed
895 873 1104 917 habenda
1126 886 1206 928 pro
1229 871 1406 927 scriptis
1428 871 1474 913 in
1498 870 1742 922 Societate,
1779 869 1944 926 quibus

304 954 372 996 vti
389 954 531 1010 possit
553 953 630 1009 qui
651 952 775 996 velit.
801 953 969 994 Iterum
992 956 1097 1006 peto
1116 956 1162 991 vt
1180 948 1287 990 mihi
1306 951 1423 991 hanc
1440 950 1671 992 condones
1688 947 1785 991 siue
1802 947 1945 1004 pusil-

304 1031 617 1082 lanimitatem,
639 1029 735 1073 siue
757 1028 1024 1079 nouitatem,
1049 1027 1146 1070 siue
1169 1025 1303 1071 etiam
1329 1025 1511 1068 nimiam
1535 1026 1656 1081 apud
1674 1032 1719 1069 te
1743 1030 1941 1077 παρ’ρησῐαν,

307 1110 423 1151 Nolo
451 1123 551 1153 esse
573 1106 887 1163 importunior.
916 1104 1086 1160 Scripsi
1103 1105 1159 1148 de
1176 1103 1246 1146 his
1263 1105 1320 1146 ad
1338 1103 1593 1147 Ximenem.
1616 1103 1729 1146 Vale
1745 1102 1791 1144 in
1811 1102 1945 1145 Chri-

299 1194 392 1237 sto,
420 1193 463 1229 et
486 1185 590 1228 viue
614 1184 768 1235 foelix,
797 1186 947 1235 Pater,
973 1181 1240 1233 diutissime,
1267 1181 1324 1224 ad
1348 1180 1560 1223 maiorem
1579 1179 1664 1223 Dei
1682 1179 1875 1235 gloriam
1899 1187 1944 1223 et

309 1263 550 1309 Societatis
586 1262 931 1305 incrementum.
974 1260 1135 1311 Halae,
1178 1259 1232 1301 28
1272 1257 1380 1304 Maii
1422 1259 1547 1312 1576.
1590 1260 1642 1301 P.
1684 1259 1741 1301 V.
1783 1272 1944 1301 seruus

311 1343 358 1384 in
382 1342 484 1394 X.⁰,

1347 1421 1376 1476 ἢ·
1410 1420 1642 1462 NATALIS.
1680 1420 1709 1475 †

1498 1479 1527 1535 ’ξ’

402 1572 645 1628 Inscriptio
668 1573 715 1613 in
740 1573 905 1626 quarm
936 1570 1135 1625 pagina:
1173 1569 1202 1624 ’ζ-
1242 1568 1504 1611 Admodum
1544 1569 1657 1610 Rdo.
1684 1567 1730 1610 in
1764 1568 1946 1610 Christo

314 1649 436 1694 Patri
458 1651 514 1693 N.
544 1652 594 1692 Ρ.
624 1648 859 1691 Euerardo
877 1646 1179 1698 Mercuriano,
1200 1645 1457 1701 praeposito
1481 1645 1682 1701 generali
1705 1644 1945 1689 Societatis

299 1731 430 1786 VJeSu.
455 1729 638 1770 Romae.
669 1726 776 1768 Alia
813 1738 971 1766 manu:
1010 1724 1135 1777 1576.
1177 1723 1309 1766 Hala.
1338 1725 1389 1766 Ρ.
1427 1721 1615 1765 Natalis.
1650 1723 1704 1765 28
1729 1722 1850 1766 Maii.
1886 1725 1939 1766 Β.

308 1806 468 1862 Sigilli
496 1804 756 1860 vestigium.

1070 1931 1197 1970 noo

742 2017 785 2051 Ρ.
806 2014 1125 2051 EVERARDUS
1145 2015 1527 2051 MERCURIANUS
1593 2030 1596 2032 ’
1634 2024 1639 2027 ·

635 2096 844 2139 PATRI
888 2095 1316 2138 HIERONYMO
1368 2094 1614 2138 NADAL

869 2192 1028 2227 ROMAE,
1064 2194 1086 2228 9
1112 2192 1218 2226 JUN11
1255 2183 1344 2228 1576
1365 2183 1390 2218 ¹.

927 2261 1110 2306 Epistola.
1128 2259 1317 2307 officiosa.

402 2347 693 2391 Riceuemmo
715 2345 789 2388 doi
815 2346 974 2389 lettere
1002 2345 1118 2386 della
1140 2346 1197 2387 V.
1227 2345 1300 2395 R.,
1322 2345 1363 2387 la
1388 2359 1477 2387 vna
1506 2344 1550 2386 di
1582 2356 1649 2397 12,
1681 2344 1710 2386 l'
1735 2344 1848 2386 altra
1870 2344 1943 2387 del

309 2425 466 2468 vltimo
488 2424 541 2466 di·
556 2425 724 2474 Marzo,
745 2429 789 2465 et
812 2422 949 2464 molto
972 2421 1013 2463 ci
1030 2422 1345 2477 rallegrammo
1367 2422 1441 2464 nel
1464 2420 1659 2477 Signore
1686 2423 1771 2463 che
1799 2422 1855 2464 V.
1883 2422 1937 2464 R.

309 2503 357 2545 in
379 2502 482 2557 quel
505 2508 654 2555 tempo
673 2499 710 2542 si
726 2499 792 2542 sia
810 2506 986 2541 trouata
1004 2497 1185 2554 meglio,
1206 2505 1249 2540 et
1268 2497 1337 2540 ch'
1357 2498 1522 2541 habbia
1540 2498 1747 2541 riceuuto
1765 2499 1941 2554 grande

311 2577 624 2623 consolatione
651 2576 767 2619 delle
795 2590 947 2618 nuoue
977 2575 1163 2618 scritteli
1192 2576 1265 2617 dal
1299 2577 1350 2619 P.
1379 2574 1598 2618 Oliuerio.
1632 2574 1784 2618 Piacia
1812 2591 1838 2617 a
1861 2590 1944 2618 sua

312 2656 466 2699 diuina
481 2656 622 2697 bonta
639 2652 913 2709 prolongarli
931 2653 1086 2703 molto,
1103 2659 1146 2695 et
1163 2652 1206 2694 la
1223 2652 1384 2704 salute,
1406 2658 1451 2695 et
1468 2652 1510 2694 la
1527 2651 1850 2704 consolatione,
1866 2667 1945 2708 per

310 2733 484 2789 magior
507 2730 652 2788 gloria
675 2744 771 2773 sua.
800 2731 986 2784 Quanto
1009 2729 1094 2771 alla
1116 2728 1333 2771 difficulta
1358 2729 1412 2771 de
1436 2727 1599 2783 cinque
1627 2744 1706 2784 per
1729 2736 1880 2781 cento,
1905 2728 1946 2771 ci

309 2814 368 2854 ha
391 2817 506 2853 stato
544 2814 674 2865 grato
710 2808 741 2849 l'
774 2806 923 2848 ufficio
961 2813 1006 2849 et
1042 2805 1170 2848 auiso
1193 2805 1237 2847 di
1276 2807 1332 2848 V.
1375 2807 1428 2848 R.
1470 2805 1558 2849 Gi-:i
1593 2820 1650 2849 ne
1688 2820 1802 2848 auea
1830 2813 1948 2848 stata

308 2890 404 2932 Sua
432 2888 528 2932 Sta.
569 2885 774 2950 auuisata
796 2894 875 2940 per
914 2883 1030 2936 altri,
1056 2889 1101 2926 et
1123 2881 1257 2926 vcome
1285 2884 1479 2925 hauemo
1508 2882 1665 2926 scritto
1694 2884 1736 2926 al
1758 2882 1947 2940 prouin-

384 2997 393 3016 1
444 2995 503 3030 Ex
521 2994 708 3039 Regesto,
732 2991 826 3027 Cod.
851 3001 892 3037 33
908 2990 963 3037 j),
986 2990 1052 3026 fol.
1072 2989 1118 3035 43
1137 2989 1182 3019 2.0
1200 2991 1244 3025 In
1260 2990 1446 3036 margine:
1463 2991 1609 3026 Halae.
1628 2991 1676 3026 P.
1696 2990 1943 3037 Hieronymo

306 3054 469 3089 Natale.
489 3052 590 3088 Vide
608 3052 723 3100 epist.
744 3059 826 3097 5943
846 3056 886 3086 et
903 3058 987 3097 595,
1006 3049 1148 3097 quibus
1166 3049 1228 3086 hic
1246 3049 1517 3097 respondetur.
