2101 3348
848 260 887 296 15
915 253 1022 298 JULn
1050 253 1140 298 1567
1689 257 1759 301 503

179 362 242 400 re,
268 349 310 391 al
331 363 413 393 suo
436 358 584 408 tempo
607 360 651 397 et
671 354 976 409 opportunita,
997 370 1086 398 vna
1106 355 1278 400 licenza
1294 355 1339 398 di
1363 357 1540 399 fundar’
1560 358 1738 414 collegii
1757 359 1802 401 in

181 425 326 478 questi
349 428 469 481 stati,
494 443 580 472 con
602 430 643 473 la
666 432 798 486 quale
826 431 862 474 si
886 432 1079 485 emendi,
1106 439 1150 476 et
1173 433 1323 488 quella
1346 435 1429 477 che
1459 434 1618 477 adesso
1649 436 1803 479 hanno

181 501 372 546 hauutto
394 519 473 560 per
495 506 595 550 Sto.
628 508 910 561 Audomaro,
936 515 981 551 et
1003 510 1152 564 quella
1173 511 1257 553 che
1285 510 1422 555 hebbi
1454 510 1484 552 il
1519 512 1570 553 Ρ.
1608 512 1805 556 Ribade-

182 592 320 634 neyra
347 582 375 623 ¹.
401 583 526 625 Nelli
539 584 655 626 santi
678 571 883 632 sacrificii
906 592 951 628 et
974 585 1162 628 orationi
1185 587 1300 630 della
1324 589 1376 630 P.
1399 589 1459 630 V.
1488 589 1626 631 molto
1644 589 1680 632 si
1704 604 1804 632 rac-

181 658 488 702 comandiamo
510 661 584 704 nel
606 661 815 717 Signore,
840 669 885 705 et
908 662 1156 718 parimente
1173 662 1217 705 in
1238 664 1373 719 quelli
1407 665 1511 707 delli
1537 660 1673 708 Padri
1691 667 1805 710 assi-

179 733 330 787 stenti,
357 736 428 779 del
446 737 498 780 P.
519 739 600 779 Dr.
623 738 815 790 Madrid,
838 741 889 781 P.
912 741 1026 782 Mro.
1048 740 1266 793 PolanCO,
1288 743 1339 783 P.
1362 741 1691 798 Ribadeneyra,
1712 750 1799 786 etc.

178 810 405 854 Dominus
426 814 485 854 sit
505 814 750 857 nobiscum.
777 816 846 857 Da
869 816 976 870 Spa,
1003 815 1075 858 alli
1104 828 1155 870 14
1177 816 1221 858 di
1244 817 1408 873 Luglio
1432 819 1558 872 1567.
1580 820 1636 862 D.
1666 821 1719 863 P.
1742 821 1797 863 V.

175 901 308 931 seruo
330 903 386 932 en
409 891 510 943 X.⁰,

1222 976 1250 1033 †
1283 977 1499 1021 NATALE.
1536 978 1564 1035 ἦ·

264 1120 370 1162 Alia
392 1135 533 1163 manu
556 1122 605 1164 in
635 1126 798 1178 quarta
820 1124 1024 1179 pagina:
1047 1125 1152 1179 Spa.
1180 1125 1232 1166 Ρ.
1266 1125 1442 1169 Natale.
1476 1137 1526 1179 14
1548 1126 1593 1168 di
1616 1127 1797 1183 Luglio.

176 1197 367 1239 Nullum
395 1199 541 1254 sigilli
568 1200 828 1256 vestigimn.
866 1200 1168 1257 Obsignatam
1200 1215 1304 1242 vero
1341 1202 1486 1252 fuisse
1510 1203 1739 1257 epistolam
1759 1208 1799 1246 et

178 1274 369 1316 Romam
387 1276 575 1318 missam
593 1280 775 1319 constat.
808 1277 912 1319 Vide
930 1278 1056 1333 epist.
1078 1288 1177 1333 493,
1197 1292 1242 1320 n.
1278 1289 1318 1319 Ι.
1540 1332 1542 1334 ,
1586 1318 1592 1328 .
1776 1328 1791 1340 Ἰ

1414 1352 1470 1403 *J
1545 1339 1548 1342 ‘
1666 1344 1671 1365 L
1703 1352 1753 1404 «Ι

930 1424 1053 1464 cmo
1389 1402 1447 1449 ρ
1477 1408 1485 1413 “

634 1507 677 1543 S.
711 1507 1040 1544 FRANCISCUS
1067 1508 1137 1543 DE
1163 1507 1332 1553 BORJA
1378 1480 1392 1547 ἰ
1415 1517 1428 1519 ’“
1447 1516 1463 1519 “

552 1586 737 1629 PATRI
785 1586 1160 1629 HIERONYMO
1208 1550 1440 1656 NADAQ
1457 1626 1461 1627 ⁷

727 1683 886 1720 ROMAE,
910 1682 950 1719 15
969 1683 1071 1717 JUL11
1099 1675 1189 1719 1567
1208 1676 1237 1710 ‘-'.
1438 1685 1469 1709 x,

166 1760 199 1786 Ι.
220 1752 520 1788 Aadomarense
534 1753 747 1800 collegium
761 1755 990 1798 acceptatur
1003 1764 1028 1786 a
1044 1752 1337 1787 Societate.-2.
1353 1752 1413 1787 De
1428 1752 1475 1786 P.
1492 1753 1799 1788 Adriaenssens:

213 1812 260 1847 de
290 1812 411 1847 Petro
437 1812 663 1858 Silvia—3.
690 1812 749 1847 De
774 1812 882 1858 regis
906 1811 1130 1858 Hispaniae
1155 1812 1314 1847 itinere:
1340 1812 1386 1846 de
1410 1813 1583 1856 quodam
1608 1813 1799 1859 vectigali

215 1871 373 1919 collegii
390 1873 726 1916 trevirensis—4.
750 1871 1069 1907 Communicatz'o
1087 1870 1277 1906 bonorum
1303 1874 1468 1917 operum
1494 1871 1700 1906 Societatis
1724 1872 1797 1906 tri-

209 1931 309 1976 plici
332 1932 488 1966 ratione
512 1932 856 1975 concedenda.—5.
884 1930 1174 1965 Ribadeneirae
1201 1930 1298 1965 liber
1322 1930 1368 1965 de
1399 1930 1483 1964 vita
1509 1929 1548 1964 S.
1576 1930 1798 1976 [ἔφηέπ’.-

212 1990 309 2025 Post.
326 1992 521 2037 scriptum
539 1992 586 2026 de
607 1992 653 2025 Ρ.
674 1990 823 2036 Aram,
844 1991 890 2025 de
908 2001 1001 2036 rege
1019 1989 1258 2035 Hispaniae,
1278 1990 1324 2024 de
1342 1990 1458 2024 domo
1471 1989 1734 2035 probationis,
1761 1992 1798 2024 et

211 2051 258 2085 de
276 2050 416 2085 Patris
434 2050 604 2085 Polanci
621 2051 882 2096 expeditione..

259 2140 295 2171 Ι.
355 2129 448 2185 Jhs.
475 2129 615 2171 Molto
644 2128 758 2170 Rdo.
790 2127 835 2169 in
858 2129 975 2183 Xpo.
1010 2127 1164 2171 Padre.
1199 2128 1293 2169 Pax
1315 2125 1500 2168 Christi.
1542 2126 1645 2169 Alie
1685 2126 1791 2168 ulti-

165 2219 237 2249 me
259 2204 304 2246 di
327 2206 387 2248 V.
421 2206 473 2247 R.
500 2204 604 2248 delli
628 2205 652 2247 8
675 2204 720 2246 di
742 2204 929 2261 Maggio
951 2196 1038 2247 con
1068 2205 1178 2247 altre
1200 2202 1460 2259 precedenti
1482 2205 1518 2245 s'
1544 2204 1569 2245 e
1593 2203 1705 2246 fatto
1729 2203 1791 2246 ri-

164 2288 330 2337 sposta.
358 2281 492 2337 Dipoi
513 2295 592 2338 per
613 2282 771 2325 lettere
795 2282 867 2324 del
892 2283 943 2324 P.
964 2281 1154 2324 Costero
1176 2279 1212 2322 si
1236 2281 1260 2323 e
1282 2279 1426 2323 inteso
1449 2294 1580 2323 come
1601 2280 1719 2323 ando
1742 2279 1789 2322 in

163 2360 258 2402 Sto.
286 2360 441 2411 Omer,
466 2367 511 2402 et
533 2361 591 2401 ho
614 2358 819 2402 riceuuto
848 2359 1008 2402 lettere
1030 2359 1147 2402 dello
1170 2357 1330 2401 istesso
1354 2371 1568 2409 vescouo,
1594 2371 1726 2412 sopra
1749 2357 1790 2400 la

163 2435 426 2479 fundatione
448 2437 519 2479 del
541 2450 623 2479 suo
646 2435 852 2492 collegio,
873 2437 915 2478 13
933 2436 1064 2492 quale
1080 2442 1149 2479 sta
1166 2435 1304 2478 molto
1322 2435 1436 2478 bene
1459 2440 1503 2478 et
1521 2448 1656 2477 senza
1674 2434 1790 2477 obli-

164 2512 287 2567 garci
309 2527 335 2555 a
356 2527 460 2556 cosa
481 2513 656 2556 alcuna.
683 2513 786 2556 Non
807 2513 993 2556 lasciara
1015 2513 1121 2568 pero
1144 2513 1186 2555 13
1214 2510 1497 2568 Compagnia
1518 2511 1563 2553 di
1586 2512 1680 2554 sare
1711 2525 1792 2566 per

230 2648 240 2667 ¹
292 2649 334 2683 P.
356 2649 496 2684 Petrus
513 2648 786 2692 Ribadeneira,
808 2660 908 2684 anno
930 2648 1031 2693 1556,
1053 2660 1074 2683 3
1093 2659 1185 2694 rege
1203 2647 1383 2694 Philippo
1403 2647 1645 2693 Antverpiae
1670 2646 1789 2681 facul-

159 2712 278 2743 tatem
296 2709 507 2754 postulavit
525 2714 564 2744 et
582 2708 817 2754 impetravit,
840 2713 882 2743 ut
901 2708 1076 2744 Societas
1094 2707 1259 2753 collegia
1277 2707 1317 2742 in
1336 2706 1515 2742 Flandria
1533 2706 1685 2752 erigere
1703 2717 1790 2752 pos-

159 2771 231 2801 set.
264 2766 324 2802 Cf.
357 2769 596 2811 DELPLACE,
630 2768 967 2803 L’etablissement
997 2768 1043 2802 de
1067 2768 1108 2802 la
1135 2766 1380 2814 Compagnie
1404 2767 1451 2801 de
1466 2766 1586 2811 se'sus
1609 2766 1711 2800 dans
1735 2765 1789 2799 les

158 2825 357 2871 Pays-bas,
379 2832 417 2862 et
435 2826 637 2873 speciatim
656 2826 805 2862 litteras
830 2832 1009 2873 patentes
1028 2825 1196 2873 Philippi
1215 2827 1264 2870 ΙΙ,
1286 2825 1427 2872 quibus
1448 2825 1513 2861 illa
1537 2824 1700 2860 facultas
1720 2823 1788 2858 So-

161 2883 292 2921 cietati
309 2886 546 2930 conceditur,
567 2898 655 2933 pag.
677 2887 757 2931 57³⁶.

229 2946 242 2965 ‘²
293 2946 350 2979 Ex
369 2946 593 2992 archetypo,
612 2947 660 2980 ab
678 2946 812 2992 ignoto
837 2945 992 2981 librario
1017 2950 1188 2988 exarato,
1219 2950 1258 2980 et
1283 2955 1304 2979 a
1327 2943 1468 2989 Borgia
1493 2943 1645 2989 propria
1672 2952 1786 2976 manu

161 3003 378 3050 subscripto
397 3011 435 3040 et
453 3011 578 3048 aucto,
601 3006 640 3040 in
662 3005 756 3040 Cod.
780 3015 840 3050 34,
861 3003 1006 3051 duplici
1025 3005 1105 3048 fol„
1128 3012 1195 3049 207
1214 3005 1287 3050 (99,
1312 3004 1408 3047 100).
1429 3002 1577 3039 Ultima
1600 3000 1790 3047 epistolae

163 3073 261 3107 pars,
283 3064 330 3098 ab
349 3063 423 3098 illis
442 3064 574 3099 verbis
592 3064 694 3099 Dias
713 3077 750 3107 a,
773 3070 833 3099 est
851 3065 1104 3110 autographa.
