2101 3348
814 271 827 297 1
838 270 852 298 1
882 262 1050 298 APRILIS
1080 263 1171 308 1567
1685 261 1754 307 435

167 363 332 417 anime,
358 370 403 407 et
424 363 633 420 maggior
655 363 984 408 existimatione
1007 365 1124 409 della
1146 365 1429 422 Compagnia
1457 373 1502 409 et
1535 371 1800 421 augmento.

169 441 250 485 Sta
272 454 404 496 persa
432 442 579 496 quella
608 441 696 485 cita
724 448 769 486 et
803 443 907 497 quel
940 443 1105 486 ducato
1139 449 1266 486 tanto
1294 443 1483 499 grande,
1510 449 1555 485 et
1584 441 1624 484 ei
1646 443 1671 485 e
1698 456 1805 497 spe—

170 532 321 569 ranza,
345 532 473 563 come
496 518 519 561 ὲ
541 526 658 562 stata
678 519 795 581 nelle
817 519 929 563 altre
946 519 1059 575 parti
1077 519 1121 562 di
1139 519 1401 571 Germania,
1421 521 1507 563 che
1528 533 1614 562 con
1632 533 1693 561 vn
1710 519 1807 561 col-

171 594 292 650 legio
315 596 431 639 della
454 595 737 652 Compagnia
760 595 794 639 s’
818 596 1007 639 aiutara:
1034 612 1112 652 per
1135 597 1165 639 il
1187 597 1334 652 quale,
1361 611 1489 641 come
1519 598 1579 639 ho
1609 596 1753 647 detto,
1780 596 1805 638 e

172 672 429 716 necessario
452 688 512 715 vn
535 673 711 717 dottore
733 673 778 716 di
808 673 1038 729 theologia
1066 675 1328 718 eccellente.
1363 675 1397 716 Il
1420 680 1615 717 maestro
1643 673 1690 715 in
1720 672 1806 715 arti

170 749 305 791 etiam
329 751 353 792 e
375 750 629 794 necessario
656 757 693 803 a,
718 757 764 793 et
785 752 954 803 bu0n03
979 751 1144 806 perche
1162 766 1242 806 per
1258 751 1303 792 di
1322 765 1411 806 qua
1429 765 1518 793 non
1537 750 1574 793 si
1598 750 1687 806 puo
1712 757 1808 792 tro*

171 841 251 869 uar
274 827 411 869 nullo.
439 828 496 870 V.
525 829 575 870 P.
603 827 661 870 mi
684 826 887 883 perdoni,
913 842 962 871 se
984 842 1091 882 pare
1114 829 1197 870 che
1221 827 1364 870 faccio
1388 835 1548 883 troppo
1576 827 1798 870 instanza.

169 903 232 947 Mi
255 919 360 959 pare
383 905 467 948 Che
489 903 549 946 mi
573 918 740 946 muoue
763 903 792 946 il
815 904 911 947 zelo
933 905 1017 946 che
1040 905 1100 946 ho
1123 904 1168 946 di
1198 911 1321 946 tanta
1349 904 1526 947 infinita
1554 903 1735 946 miseria
1758 903 1804 944 in

170 988 330 1037 questa
357 980 618 1033 Germania,
644 980 964 1036 specialmente
985 980 1031 1022 in
1061 989 1221 1036 questo
1245 988 1409 1037 tempo,
1437 983 1523 1025 Che
1552 981 1650 1024 solo
1673 980 1703 1023 il
1728 996 1808 1023 ru-

172 1072 299 1100 more
320 1058 436 1101 della
458 1067 626 1102 venuta
647 1058 720 1101 del
744 1073 791 1102 re
810 1057 1019 1113 Philippo
1042 1058 1260 1101 confirma
1282 1058 1611 1103 mirabilmente
1635 1058 1708 1101 alli
1728 1072 1807 1100 ca-

176 1134 345 1187 tholici,
371 1142 416 1178 et
444 1149 635 1191 prepara
672 1134 881 1191 maggior
919 1150 1063 1178 messe
1100 1136 1186 1178 alla
1223 1135 1505 1191 Compagnia
1531 1136 1566 1178 b.
1595 1135 1649 1179 Ci
1677 1137 1702 1179 e
1732 1134 1809 1178 un’

176 1213 289 1255 altra
310 1226 447 1255 eausa
464 1226 612 1268 graue·
627 1226 707 1267 per
729 1211 883 1256 hauer¹
908 1212 1124 1268 theologo
1147 1213 1285 1255 molto
1306 1213 1460 1255 buono
1483 1213 1529 1254 in
1553 1212 1806 1268 Herbipoli:

176 1291 262 1333 che
284 1291 326 1331 c'
350 1290 375 1332 e
397 1304 458 1331 vn
496 1289 610 1333 frate
647 1290 703 1333 de
735 1297 865 1332 santo
887 1289 1142 1342 Dominico,
1168 1291 1301 1346 quale
1329 1291 1436 1333 vuol
1464 1292 1558 1334 fare
1586 1291 1811 1346 suffraga—

177 1381 262 1410 neo
279 1365 309 1407 il
325 1380 525 1409 vescouo
548 1368 575 1418 ¹,
596 1368 681 1409 che
698 1366 720 1410 ὲ
739 1367 880 1409 dotto:
902 1374 947 1410 et
964 1367 987 1410 ὲ
1005 1367 1218 1423 pericolo,
1239 1381 1288 1410 se
1311 1367 1340 1410 il
1361 1374 1516 1410 nostro
1538 1382 1633 1410 non
1655 1367 1678 1410 ὲ
1703 1368 1808 1418 tale,

174 1444 261 1486 che
283 1442 314 1484 il
336 1443 449 1486 frate
471 1458 563 1486 non
585 1444 812 1486 confonda
833 1443 862 1486 il
882 1444 1091 1500 collegio.
1118 1446 1188 1487 De
1210 1444 1348 1500 quelli
1368 1444 1556 1501 operarij
1588 1445 1645 1488 de
1667 1445 1702 1487 F
1706 1443 1813 1486 risia

174 1519 249 1576 gia
271 1519 421 1562 scrissi
444 1521 501 1562 da
523 1520 715 1563 Colonia
737 1521 899 1564 alla'P.
926 1523 983 1564 V.

266 1611 306 1652 3.
373 1598 559 1652 Quanto
577 1598 618 1640 al
633 1599 888 1653 prodromo,
905 1613 931 1641 O
946 1613 1254 1654 praecursore,
1269 1599 1383 1641 della
1402 1598 1592 1654 risposta
1608 1599 1679 1641 del
1694 1600 1815 1653 Pay-

177 1689 236 1717 ua
257 1682 415 1718 contra
438 1674 687 1727 Kemnieio,
714 1674 757 1718 io
779 1674 840 1716 mi
863 1676 1056 1731 rallegro
1084 1677 1167 1718 Che
1189 1676 1232 1718 la
1257 1678 1306 1719 P.
1331 1677 1387 1719 V.
1415 1690 1508 1718 non
1532 1674 1677 1718 faccia
1700 1675 1816 1718 altra

179 1751 408 1804 difficolta,
434 1752 479 1794 in
502 1759 519 1778 0
549 1754 634 1796 che
656 1752 685 1794 il
713 1754 771 1808 D.
799 1754 963 1795 Torres
985 1760 1125 1796 metta
1146 1767 1281 1796 mano
1309 1768 1333 1796 a
1358 1760 1518 1808 questa
1540 1760 1739 1809 opereta,
1767 1766 1815 1795 se

180 1844 271 1872 non
294 1831 378 1873 che
401 1844 491 1872 non
514 1829 556 1872 la
583 1831 674 1885 pub
705 1830 799 1873 fare
822 1829 868 1871 in
890 1845 973 1872 suo
1003 1845 1136 1874 nome
1159 1831 1189 1873 ².
1223 1831 1288 1873 La
1319 1832 1370 1873 P.
1403 1832 1459 1873 V.
1486 1845 1565 1886 per
1595 1845 1721 1874 amor
1743 1831 1816 1871 del

180 1906 374 1963 Signore
413 1907 526 1950 faeci
564 1908 656 1951 fare
694 1914 855 1962 questo
892 1908 1146 1963 prodromo,
1192 1923 1219 1950 o
1257 1922 1386 1951 come
1422 1908 1465 1950 lo
1503 1910 1635 1951 vorra
1668 1907 1763 1950 dire
1787 1907 1817 1949 il

180 1986 238 2028 D.
266 1986 432 2027 Torres
455 1986 487 2037 ⁵,
513 1992 558 2027 et
580 1999 653 2027 me
674 1985 718 2027 lo
740 1984 892 2027 mandi
915 2000 940 2027 a
964 2000 1050 2036 me,
1077 2000 1103 2027 o
1127 1985 1270 2041 prima
1298 1986 1338 2028 al
1363 1987 1415 2028 Ρ.
1449 1984 1649 2037 Canisio,
1676 1991 1721 2028 et
1740 1999 1818 2039 per

180 2061 243 2104 lui
265 2077 291 2104 a
307 2076 394 2114 me;
426 2063 510 2104 che
531 2061 606 2104 noi
629 2063 813 2106 daremo
836 2061 993 2106 ordine
1015 2077 1100 2105 con
1123 2063 1164 2106 la
1187 2062 1333 2118 gratia
1361 2063 1433 2106 del
1463 2062 1659 2118 Signore
1687 2076 1818 2105 come

182 2139 220 2181 si
242 2139 403 2195 stampi
426 2138 473 2181 in
495 2154 628 2182 nome
656 2137 698 2181 d’
727 2139 913 2182 alchun'
944 2140 1056 2182 altro
1095 2139 1345 2192 forastiero,
1371 2147 1415 2182 et
1453 2154 1545 2182 non
1568 2139 1606 2181 si
1637 2139 1764 2195 sappi
1788 2139 1819 2180 il

182 2231 290 2259 vero
308 2217 516 2269 authore,
536 2217 784 2260 dandoselo
804 2217 891 2260 che
908 2216 973 2260 sia
990 2231 1073 2259 suo
1091 2217 1286 2273 proprio,
1308 2224 1352 2261 et
1370 2216 1440 2260 ch'
1459 2217 1505 2259 in
1523 2231 1606 2259 suo
1625 2231 1758 2259 nome
1776 2217 1819 2258 lo

184 2293 305 2349 possi
323 2300 485 2338 metter
503 2294 648 2346 fuora,
676 2308 804 2336 come
821 2293 895 2349 giii
914 2294 1153 2337 habbiamo
1176 2295 1289 2337 fatto
1307 2294 1353 2336 in
1377 2294 1493 2337 altri.
1516 2293 1817 2344 Intendiamo,

186 2371 348 2423 Padre,
375 2372 464 2413 che
492 2370 629 2426 quelli
657 2370 730 2413 doi
760 2370 867 2414 tomi
895 2372 952 2415 de
980 2371 1234 2424 Kemnicio,
1268 2379 1426 2415 contra
1455 2371 1485 2413 il
1513 2370 1705 2414 coneilio
1729 2370 1749 2397 ‘¹
1777 2378 1823 2414 et

188 2449 359 2504 Payua,
383 2449 442 2491 ha
465 2449 576 2491 fatto
599 2455 644 2491 et
666 2450 710 2491 fa
732 2448 1034 2504 grandissimo
1057 2450 1188 2501 male,
1214 2456 1258 2493 et
1275 2449 1466 2493 sarebbe
1488 2463 1604 2505 gran
1625 2448 1823 2492 seruicio

187 2525 260 2567 del
283 2525 479 2582 Signore
501 2526 772 2570 conculcare
796 2526 924 2568 illum
948 2526 1208 2569 nebulonem
1231 2533 1277 2570 et
1299 2526 1472 2570 aiutare
1495 2525 1567 2569 alli
1592 2525 1819 2569 catholici.

257 2670 277 2690 a
316 2672 337 2697 2
363 2663 482 2697 verba
510 2674 622 2708 seqq.
652 2661 800 2697 addidit
823 2661 914 2698 libr.
946 2674 1061 2709 supra
1085 2664 1261 2698 vers.—b
1283 2662 1496 2710 Sequentia
1515 2673 1637 2709 usque
1663 2661 1711 2696 ad
1736 2673 1823 2696 con-

176 2721 314 2767 fonda
334 2723 363 2757 il
381 2723 562 2769 collegio,
583 2721 731 2757 addidit
749 2722 840 2757 libr.
864 2721 965 2757 inter
991 2734 1098 2757 vers.
1123 2728 1162 2758 et
1185 2723 1224 2758 in
1249 2731 1448 2768 marg.—‘³
1472 2723 1556 2757 Hoc
1580 2722 1693 2757 verb.
1718 2721 1825 2755 addi·

186 2780 243 2815 dit
261 2781 334 2816 libr
346 2808 355 2816 .
378 2793 493 2827 supra
512 2793 615 2817 vers.
632 2781 687 2808 -d
703 2790 723 2816 2
738 2782 858 2816 verba
873 2793 983 2828 seqq.
1005 2781 1152 2817 addidit
1167 2781 1258 2817 libr.
1279 2794 1394 2829 supra
1409 2793 1517 2817 vers.

264 2899 272 2918 ¹
324 2899 544 2935 Fridericus
562 2912 584 2935 a
602 2900 824 2945 VVirsberg.

265 2961 278 2979 2‘
330 2957 429 2993 Vide
448 2959 552 2994 dicta
569 2970 699 3005 supra,
719 2959 833 3006 epist.
854 2958 936 3005 382,
957 2971 996 2995 n.
1020 2968 1076 3004 10;
1097 2959 1182 3006 391,
1201 2972 1239 2996 n.
1260 2970 1295 3005 43
1315 2959 1399 3005 393,
1419 2972 1459 2996 n.
1486 2959 1521 3004 3;
1549 2967 1633 3005 427,
1658 2970 1699 2994 n.
1730 2957 1765 3001 83
1787 2961 1828 2991 et

272 3043 279 3058 ‚
299 3028 337 3054 n.
389 3043 398 3052 .
1146 3040 1150 3041 ν

195 3026 281 3094 4593
332 3027 562 3111 Εἶειηοίεοηε
580 3075 629 3112 de
647 3077 803 3122 Torres,
824 3078 1037 3114 Turrianus
1055 3077 1199 3125 passim
1217 3083 1477 3125 nuncupatus.
