2141 3358
392 191 449 217 xx
826 178 1079 213 PRooanM
1104 181 1243 208 TERTn
1269 179 1495 208 voummis

434 283 631 328 Vixdum
656 279 890 324 Coloniam
928 276 1052 320 venit
1089 274 1276 328 Natalis,
1301 276 1356 318 de
1394 274 1634 324 sociorum,
1660 272 1737 328 qui
1759 271 1806 313 in
1834 271 1977 316 Frisia

342 368 655 416 versabantur,
671 362 939 416 magnisque
957 358 1288 403 calamitatibus
1305 356 1523 415 oppressi,
1545 356 1669 399 domi.
1682 356 1822 399 latere
1839 369 1974 412 coge·

344 452 525 501 bantur,
558 445 864 490 consolatione
895 442 1132 499 cogitavit.
1172 443 1247 485 Ad
1273 457 1322 485 se
1356 444 1409 486 P.
1450 441 1680 484 Andream
1706 439 1972 482 Boccatium

345 538 493 584 vocat,
514 537 559 573 et
581 528 778 572 remedia
795 533 1049 583 opportuna
1066 527 1202 569 rebus
1220 532 1309 568 tam
1328 524 1504 568 afflictis
1521 523 1704 567 adhibet
1727 524 1825 580 (425
1851 523 1970 578 427).

433 612 647 658 Coloniae
669 609 914 667 permansit
931 625 956 652 a
978 609 1050 653 die
1073 622 1130 663 24
1151 608 1385 653 Februarii
1408 609 1465 651 ad
1504 621 1527 651 2
1567 606 1752 663 Aprilis3
1789 621 1878 662 qua
1899 606 1973 649 die

345 700 604 753 Augustam
628 694 917 738 Trevirorum
958 692 1086 749 petiit
1109 693 1226 749 (397,
1257 692 1376 747 431),
1411 706 1544 747 quam
1569 691 1595 733 6
1633 689 1802 746 Aprilis
1825 689 1978 745 attigit

346 780 476 838 (789).
498 781 651 823 Unum
669 791 868 820 mensem
884 782 929 819 et
947 775 1137 831 amplius
1154 775 1199 817 in
1216 775 1291 817 illo
1309 774 1501 831 collegio
1520 774 1777 830 adjuvando
1798 773 1976 830 impen-

347 864 428 916 dit,
455 863 588 906 simul
615 863 670 906 de
699 859 896 916 negotiis
925 858 1243 902 communibus
1271 858 1545 902 Germaniae
1568 873 1669 900 cum
1703 856 1870 913 Borgia
1898 871 1981 913 per

348 947 558 1003 epistolas
581 946 833 988 conferens.
866 945 988 987 Inter
1016 942 1117 995 alia,
1158 942 1215 986 de
1246 941 1413 984 vestitu
1437 957 1462 984 a
1499 941 1632 984 sociis
1660 941 1704 984 in
1730 940 1981 985 Germania

348 1030 568 1087 gestando
592 1029 821 1085 (432·434,
849 1039 949 1083 790,
978 1026 1093 1083 791),
1125 1026 1181 1068 de
1211 1025 1401 1068 formula
1421 1024 1465 1067 in
1497 1024 1700 1081 collegiis
1730 1024 1979 1067 fundandis

349 1113 616 1164 adhibenda,
643 1113 698 1154 de
717 1110 910 1166 collegio
931 1108 1235 1165 herbipolensi
1258 1110 1487 1153 rhenanae
1520 1107 1776 1165 provinciae
1802 1107 1975 1150 adscri-

351 1197 514 1248 bend03
542 1203 585 1239 et
608 1209 710 1237 cum
734 1193 936 1237 Oliverio
959 1194 1189 1244 Manareo,
1216 1191 1291 1248 qui
1315 1207 1418 1236 eum
1443 1191 1671 1243 convenit,
1698 1192 1754 1234 de
1782 1191 1979 1247 collegio

347 1277 608 1322 virdunensi
626 1284 669 1321 et
691 1278 747 1321 de
768 1276 902 1320 variis
931 1275 1127 1332 negotiis
1163 1275 1424 1331 provinciae
1451 1274 1668 1318 Franciae
1697 1273 1976 1317 consultavit

349 1364 465 1419 (458,
492 1362 594 1416 466,
619 1362 721 1415 467,
747 1361 865 1417 470).
892 1360 976 1403 His
1000 1359 1204 1416 expletis,
1230 1359 1303 1403 die
1320 1374 1347 1416 9
1372 1359 1478 1414 Maji
1504 1359 1736 1414 profectus
1754 1357 1839 1401 fuit
1857 1359 1973 1401 Leo-

349 1445 473 1487 dium
499 1444 733 1487 «hauendo
763 1443 839 1500 (ait
870 1442 1108 1495 Vinckius,
1141 1444 1369 1486 rhenanae
1391 1441 1651 1498 provinciae
1679 1441 1995 1498 praepositus)·

350 1543 429 1584 per
449 1529 491 1570 la
513 1542 594 1571 sua
616 1526 839 1583 presentia
866 1533 910 1569 et
938 1525 1228 1569 essortationi
1255 1532 1300 1569 et
1329 1525 1570 1569 direttione
1598 1526 1737 1568 molto
1774 1525 1981 1567 adiutato

352 1618 396 1654 et
418 1612 649 1653 consolato
668 1617 828 1665 questo
851 1609 1072 1665 collegio»
1101 1609 1233 1666 (794).

440 1695 487 1736 In
511 1693 740 1749 provincia
762 1695 1042 1736 FLANDR1AE
1064 1694 1206 1736 multo
1228 1693 1411 1749 longius
1433 1692 1699 1735 immoratus
1722 1692 1806 1736 fuit
1835 1694 1978 1736 Nata-

352 1777 421 1831 lis,
448 1791 538 1819 uno
566 1776 736 1820 scilicet
774 1792 892 1819 anno
921 1784 966 1820 et
1004 1777 1137 1830 ultra3
1169 1792 1273 1819 nam
1296 1776 1516 1820 Leodium
1545 1790 1650 1819 cum
1680 1779 1733 1821 P.
1768 1756 1976 1829 Costero,

352 1858 608 1914 provinciae
618 1860 652 1900 F
656 1858 853 1902 landriae
870 1859 1090 1914 praeside,
1105 1858 1292 1903 veniens
1303 1858 1448 1902 medio
1460 1859 1552 1903 fere
1569 1873 1725 1902 mense
1734 1859 1853 1914 Majo
1871 1859 1980 1902 anni

360 1943 485 1996 1567,
511 1956 601 1984 non
625 1957 679 1985 ex
701 1943 774 1985 illa
802 1942 1034 1997 provincia
1062 1942 1269 1985 discessit
1291 1957 1436 1997 usque
1465 1943 1520 1984 ad
1556 1952 1604 1996 15
1629 1941 1753 2000 Junii
1777 1942 1882 1985 anni
1905 1957 1980 1986 se—

355 2025 550 2080 quentis.
577 2026 633 2067 Et
656 2025 795 2080 primo
824 2025 1005 2080 quidem
1035 2025 1286 2068 Lovanium
1326 2025 1446 2068 venit
1468 2032 1512 2068 et
1546 2026 1796 2077 Bruxellas,
1824 2024 1900 2067 ubi
1924 2037 1975 2068 21

356 2108 463 2163 Maji
487 2109 751 2151 versabatur
775 2110 890 2164 (464,
931 2109 1049 2164 485).
1076 2108 1477 2164 Audomaropolim
1501 2122 1681 2164 quoque
1710 2123 1758 2151 se
1787 2108 1983 2150 contulit

358 2191 490 2247 (496),
517 2197 566 2232 ut
594 2190 712 2233 illius
734 2192 911 2247 collegii
937 2192 1246 2236 fundationem
1269 2200 1570 2248 promoveret,
1597 2198 1642 2234 et
1666 2191 1882 2234 Leodium
1906 2206 1978 2234 re·

356 2273 499 2326 diens,
540 2274 596 2316 ad
633 2275 891 2329 Spadanum
922 2290 1002 2319 seu
1041 2276 1290 2331 Spaensem
1329 2277 1501 2319 fontem
1533 2289 1613 2330 per
1637 2275 1750 2317 duos
1779 2288 1976 2326 menses,

354 2356 525 2399 viribus
548 2357 698 2399 fractis
721 2358 1024 2401 restaurandis
1049 2373 1231 2414 operam
1254 2358 1378 2402 dedit
1395 2360 1512 2415 (473,
1544 2368 1645 2415 495,
1674 2358 1789 2413 518),
1815 2357 1860 2400 id
1888 2365 1974 2410 est,

356 2452 381 2480 a
418 2453 571 2483 mense
609 2439 744 2496 Junio
792 2454 934 2495 usque
971 2442 1027 2483 ad
1071 2454 1118 2484 12
1158 2441 1376 2497 Augusti.
1427 2442 1596 2485 Eodem
1634 2448 1835 2497 tempore
1871 2455 1976 2483 cum

357 2523 410 2565 P.
436 2521 585 2564 Vinck
607 2523 662 2565 (le
685 2524 819 2564 rebus
848 2524 1106 2578 provinciae
1135 2540 1161 2567 a
1189 2539 1237 2568 se
1273 2524 1503 2581 inspectae
1532 2525 1799 2578 collocutus,
1831 2523 1981 2567 noluit,

356 2604 411 2646 de
435 2619 487 2647 ea
510 2604 755 2659 quidquam
786 2613 999 2658 statuere,
1034 2622 1088 2649 eo
1117 2609 1238 2662 quod
1261 2609 1513 2650 secundum
1540 2608 1753 2663 «regulas
1776 2607 1980 2649 visitato·

356 2686 461 2738 ris»,
488 2701 512 2728 a
537 2687 703 2742 Borgia
726 2695 928 2731 recenter
957 2691 1285 2746 promulgatas,
1319 2691 1521 2746 inspecta
1558 2690 1806 2746 provincia,
1842 2690 1984 2745 juris-

356 2768 599 2812 dictionem
622 2770 788 2812 nullam
819 2770 864 2811 in
888 2771 1005 2813 illam
1025 2772 1187 2815 retinet
1221 2773 1476 2816 «visitator»
1513 2774 1630 2830 (797,
1653 2773 1768 2829 798);
1795 2771 1988 2815 consilia

357 2858 508 2896 tamen
531 2867 613 2895 sua
637 2852 759 2895 Patri
777 2852 924 2896 Vinck
948 2868 1038 2895 non
1062 2856 1321 2911 denegavit.
1340 2858 1442 2913 Jam
1473 2857 1609 2899 rebus
1639 2855 1877 2900 Flandriae
1908 2869 1983 2897 or·

354 2934 564 2978 dinandis
586 2949 765 2991 operam
790 2950 955 2979 navare
978 2936 1123 2991 coepit
1154 2937 1199 2979 in
1222 2938 1413 2995 collegio
1435 2938 1670 2992 leodiensi,
1696 2939 1826 2993 cujus
1848 2937 1981 2980 insti-
