2101 3348
763 257 807 294 23
835 259 991 294 MARTn
1019 258 1109 303 1566
1655 259 1702 304 35

115 368 211 405 stro
233 362 279 404 in
303 361 483 405 Christo
505 361 536 404 il
566 363 619 405 Ρ.
651 362 905 405 Franeesco
935 360 1119 417 Borgia,
1145 359 1372 417 preposito
1395 359 1608 416 generale
1638 361 1756 404 della

117 439 402 496 Compagnia
439 440 496 482 de
528 440 639 497 jesu
671 446 758 482 ete.
800 440 957 482 Roma.
993 439 1101 481 Alia
1143 452 1308 480 mama:
1352 438 1478 492 1566.
1519 438 1749 495 Augusta.

123 517 176 559 P.
203 517 381 560 Natale.
410 529 433 559 2
441 530 464 571 3
488 516 533 558 di
556 519 726 560 Marzo.
752 515 910 572 Sigillz'
927 516 1188 572 vestigium.

881 627 1009 667 36⁶2

564 713 618 754 P.
653 675 1063 754 HIERONYMUS
1095 710 1312 753 NADAL

450 798 690 836 SANCTO
731 797 1082 835 FRANCISCO
1120 798 1197 833 DE
1235 797 1431 843 BORJA

613 883 855 917 AUGUSTAE,
883 873 928 909 23
951 883 1095 910 MARTn
1117 874 1208 919 1566
1229 877 1253 911 1.

115 951 153 978 Ι.
178 942 222 978 Si
245 942 343 988 quid
360 942 406 976 de
431 941 602 988 negotiis
622 940 793 986 publicis
811 940 912 975 scitu
931 940 1103 987 dignum
1122 940 1312 981 evenerit,
1328 942 1403 986 per
1421 939 1601 986 legatum
1624 942 1754 974 trans-

160 1002 457 1036 mittetur.—2.
489 999 539 1035 Ut
558 1000 610 1036 P.
637 999 902 1034 Theodoricus
919 998 1108 1034 canisius
1117 999 1386 1046 provincialis
1404 999 1650 1040 nominetur,
1662 1002 1757 1045 pro-

158 1061 395 1108 ponit.-3.
421 1059 607 1094 Doctoris
636 1059 752 1094 Eckii
782 1058 946 1093 animus
968 1069 1070 1105 erga
1096 1058 1448 1102 Societatem.-4.
1479 1059 1645 1093 Artium
1671 1070 1754 1093 ma-

158 1121 289 1167 gistro
312 1120 449 1155 selecto
467 1118 847 1166 ingolstadiensibus
871 1121 968 1164 opus
991 1121 1159 1161 est.-5.
1185 1117 1402 1165 Menginus
1420 1120 1456 1153 et
1479 1116 1755 1164 Hofs‘aeus.—-

163 1180 204 1215 6.
237 1180 463 1226 Imperator
494 1177 681 1213 Natalem
713 1180 915 1212 convocat:
949 1176 1107 1213 Canisii
1135 1177 1366 1212 ministeria
1397 1178 1441 1212 in
1459 1177 1753 1212 curia—Post

164 1239 378 1286 scriptum.
402 1239 580 1285 Legatus
602 1237 780 1272 nondum
807 1237 981 1271 Patrum
1008 1239 1171 1283 operam
1191 1230 1401 1283 expetivit?
1414 1237 1461 1271 de
1486 1236 1684 1283 religione
1708 1236 1752 1270 in

162 1300 356 1333 conventu
374 1309 453 1331 non
472 1297 676 1344 agendum
694 1296 864 1331 dicitur.

211 1376 248 1407 Ι.
307 1364 438 1421 Jhus.
463 1365 574 1418 Muy
597 1362 710 1405 Rdo.
737 1376 794 1405 en
827 1360 1010 1404 Christo
1042 1361 1202 1404 Padre.
1231 1362 1326 1404 Pax
1356 1359 1547 1413 Christi,
1574 1367 1661 1403 ete.
1689 1361 1752 1403 La

115 1456 298 1485 semana
321 1440 512 1496 passada
535 1442 707 1482 escreui
730 1442 756 1481 3
778 1440 834 1482 V.
863 1440 915 1481 P.
943 1451 1031 1493 que
1053 1439 1095 1481 al
1112 1439 1164 1481 P.
1192 1437 1375 1480 Canisio
1398 1452 1425 1493 y
1443 1441 1468 1480 3
1490 1441 1549 1480 mi
1568 1452 1650 1480 nos
1668 1451 1752 1493 pa-

112 1522 230 1561 reeia
252 1532 311 1560 no
340 1518 572 1560 deuiamos
601 1515 799 1560 esereuir
827 1529 1023 1568 nueuas,
1049 1516 1092 1558 10
1121 1515 1226 1570 qual
1258 1514 1359 1558 hize
1388 1528 1444 1556 en
1474 1528 1589 1570 gran
1620 1520 1748 1570 parte

110 1610 282 1652 porque
305 1597 438 1638 Mtro.
467 1592 666 1646 Canisio,
687 1607 769 1648 por
786 1592 922 1648 quien
940 1592 1005 1635 135
1028 1595 1146 1645 31113,
1173 1605 1222 1634 56
1245 1591 1447 1648 grauaba
1469 1592 1603 1643 dello,
1624 1606 1653 1646 y
1675 1605 1747 1634 me

111 1673 218 1716 dixo
234 1673 505 1715 claramente
521 1685 609 1726 que
623 1685 681 1713 no
697 1673 919 1713 conuenia
933 1670 965 1712 ².
985 1671 1192 1725 Despues
1209 1670 1267 1713 he
1279 1668 1478 1724 pensado
1495 1683 1523 1723 y
1541 1667 1747 1711 comuni-

112 1751 224 1793 cado
243 1764 327 1793 eon
346 1750 403 1803 61,
423 1764 452 1805 y
469 1749 511 1791 16
529 1761 714 1804 patesce
729 1747 833 1791 bien
853 1761 957 1802 que,
972 1746 1010 1790 si
1024 1747 1192 1803 alguna
1206 1760 1311 1788 cosa
1326 1745 1622 1801 supieremos,
1638 1759 1746 1788 nos-

114 1834 237 1870 otros
260 1828 302 1869 13
324 1811 709 1869 eomuniearemos
731 1839 817 1867 con
839 1825 881 1869 el
902 1826 1033 1868 Rmo.
1054 1823 1234 1880 legatio,
1261 1838 1289 1879 y
1312 1824 1353 1866 61
1375 1823 1417 1865 13
1439 1822 1680 1875 esereuira3
1709 1825 1748 1864 et

114 1908 279 1957 tamen,
303 1918 430 1946 como
453 1903 557 1945 dixe
578 1917 636 1946 en
658 1902 700 1946 la
722 1909 835 1953 otra‚
862 1901 1053 1957 siempre
1075 1902 1183 1943 hare
1206 1914 1263 1956 yo
1286 1900 1329 1942 10
1349 1914 1438 1955 que
1460 1900 1508 1944 S.
1532 1898 1652 1943 S.dad
1677 1913 1750 1942 me

112 1982 277 2024 mande
300 1996 357 2024 en
379 1981 511 2035 aquel
533 1986 694 2036 punt0;
720 1993 832 2031 mas,
865 1993 997 2021 como
1027 1977 1155 2030 dixe,
1182 1992 1240 2020 no
1271 1991 1374 2020 ereo
1397 1990 1486 2032 que
1513 1990 1570 2032 yo
1599 1976 1748 2032 pueda

111 2059 241 2102 saber
263 2073 369 2101 cosa
392 2057 598 2113 ninguna
617 2058 649 2099 ⁵.

201 2147 242 2178 2.
309 2137 365 2178 V.
389 2137 436 2178 Ρ.
458 2133 666 2190 significa
683 2146 739 2175 en
757 2146 810 2175 su
828 2138 952 2174 carta
969 2132 1011 2174 al
1030 2133 1081 2174 P.
1104 2130 1287 2175 Canisio
1305 2144 1393 2185 que
1410 2144 1494 2185 aya
1512 2129 1568 2173 de
1585 2129 1743 2172 voluer

111 2216 137 2255 a
159 2226 212 2255 su
233 2210 595 2269 peregrinacien,
620 2225 649 2266 y
671 2210 713 2253 61
736 2224 805 2252 me
827 2210 886 2251 ha
908 2207 1175 2264 signifieado
1203 2206 1473 2250 inelinaeidn
1501 2221 1609 2261 muy
1632 2219 1743 2248 con—

114 2289 263 2342 traria,
284 2304 312 2345 y
329 2303 515 2332 razones
533 2302 640 2343 muy
658 2287 827 2329 fuertes
855 2292 875 2312 a
893 2285 925 2338 4;
946 2299 975 2341 y
992 2285 1252 2336 realmente,
1280 2284 1442 2335 Padre,
1468 2298 1541 2327 me
1562 2295 1749 2338 paresee

115 2379 204 2421 que
225 2365 262 2409 si
285 2366 326 2409 61
347 2367 459 2409 haze
482 2365 615 2421 aquel
635 2362 799 2414 officio,
826 2362 867 2405 el
888 2362 950 2404 fin
974 2365 1073 2405 sera
1091 2375 1179 2416 que
1201 2360 1247 2403 ni
1269 2362 1378 2403 hara
1395 2361 1558 2403 effecto
1576 2373 1684 2415 para
1701 2359 1745 2401 10

188 2504 209 2525 a
247 2497 291 2532 In
310 2507 431 2542 marg.
450 2494 609 2531 Polanci
628 2504 762 2529 manu:
784 2493 828 2529 Si
840 2491 1071 2540 procurant
1081 2491 1161 2539 far
1178 2493 1320 2538 capace
1338 2490 1380 2525 al
1393 2493 1523 2537 papa.

190 2600 201 2620 ¹
250 2599 309 2633 Ex
323 2598 548 2643 archetypo,
558 2607 579 2630 a
594 2595 770 2641 Jimenez
785 2597 957 2638 exarato,
973 2597 1012 2627 et
1027 2603 1142 2627 manu
1156 2591 1306 2627 Natalis
1321 2590 1554 2637 subscripto,
1565 2590 1603 2626 in
1618 2591 1747 2637 Epist.

116 2657 257 2693 Natat.
269 2686 278 2700 ‚
297 2658 347 2703 Π,
368 2655 513 2703 duplici
530 2654 621 2699 fol„
644 2653 710 2689 106
728 2653 845 2698 (494).
871 2653 916 2687 In
933 2651 1052 2698 epist.
1075 2649 1145 2696 377
1163 2651 1354 2686 habentur
1368 2661 1555 2696 responsa
1569 2661 1591 2684 a
1606 2648 1749 2694 Borgia

113 2717 230 2752 variis
247 2717 361 2752 huius
380 2716 567 2763 epistolae
586 2712 881 2761 quaestionibus
900 2710 1001 2746 data.

181 2779 194 2798 ‘-'
246 2776 345 2812 Vide
364 2776 480 2823 epist.
501 2774 586 2820 360,
603 2785 645 2808 n.
675 2781 707 2807 1.
728 2770 909 2807 Canisius
928 2775 1059 2805 autem
1078 2769 1243 2815 Borgiae
1263 2777 1283 2813 5
1305 2768 1397 2815 Maji
1418 2768 1508 2813 1566
1531 2769 1627 2803 haec
1645 2772 1749 2802 retu-

110 2835 168 2872 lit:
189 2835 328 2871 «Certe
345 2846 415 2870 nos
433 2834 495 2869 hic
514 2834 613 2868 male
631 2830 808 2867 audimus
828 2829 929 2876 apud
946 2828 1205 2874 caesarianos,
1224 2828 1348 2872 velut,
1368 2833 1523 2864 nostrae
1542 2827 1746 2874 professio-

110 2894 170 2930 nis
187 2895 312 2940 obliti,
332 2904 512 2929 curemus
528 2891 700 2939 publica,
719 2901 818 2936 quae
837 2888 933 2924 nihil
952 2887 1001 2923 ad
1018 2899 1088 2923 nos
1108 2886 1345 2924 attineant.»
1360 2888 1418 2922 Ex
1433 2887 1685 2933 autographo,
1707 2886 1746 2921 in

114 2954 241 3001 Epist.
265 2954 435 2994 canisii,
454 2953 507 2998 II,
530 2960 613 2996 170.
638 2951 697 2985 Ex
715 2948 857 2996 quibus
876 2952 1036 2994 apparet
1053 2958 1122 2982 cur
1139 2945 1297 2983 Canisio
1321 2945 1370 2981 de
1394 2947 1454 2982 his
1472 2947 1588 2982 rebus
1608 2945 1746 2980 nuntia

113 3013 376 3049 transmittere
394 3022 471 3047 non
489 3011 689 3058 placebat.

189 3073 202 3094 ⁵
252 3071 351 3107 Vide
370 3071 488 3117 epist.
511 3068 595 3110 360,
615 3080 660 3103 n.
682 3067 721 3102 6.
918 3064 934 3085 ⁴
983 3063 1083 3100 Vide
1101 3063 1221 3110 epist.
1245 3062 1328 3107 360,
1350 3075 1392 3099 n.
1417 3071 1456 3100 2.
