2101 3348
0 2835 34 2859 ’κ

793 238 1014 274 ΑΡΡΕΝΒΙΧ
1598 239 1670 286 819

818 395 989 438 LXXX

515 483 558 518 P.
578 483 897 519 EVERARDUS
916 483 1293 521 MERCURIANUS

410 573 886 604 PROVINCIALIBUS
931 575 1000 604 ET
1045 574 1400 605 RECTORIBUS

610 650 795 700 Romae,
828 662 877 703 13
902 649 1009 704 Maji
1036 661 1146 704 1574
1172 652 1201 694 ¹.

556 738 728 772 Litterae
741 740 935 784 patentes,
950 741 1027 784 pro
1047 740 1094 773 P.
1116 738 1271 774 Natali.

174 816 323 872 JesuS.
349 814 378 872 †
401 815 646 858 M.—-Cum
670 817 723 858 R.
750 816 884 858 Pater
906 815 1120 871 magister
1143 816 1454 871 Hieronymus
1476 817 1650 861 Natalis
1671 817 1717 860 in

87 873 381 918 Germaniam
400 889 426 916 a
442 873 572 916 nobis
589 874 808 925 mittatur,
823 874 1045 929 cupimus,
1062 883 1111 916 ut
1127 875 1179 925 si,
1202 876 1350 930 aliquo
1368 875 1413 917 in
1431 875 1623 932 collegio
1640 884 1719 920 aut

90 934 224 976 domo
246 940 518 984 nostrorum,
539 948 653 988 opus
670 933 877 975 habuerit
894 935 1030 976 fratre
1053 941 1130 976 aut
1154 936 1305 985 Patre,
1327 935 1403 989 qui
1426 936 1518 977 dux
1540 935 1637 979 eius
1659 936 1718 978 sit

89 992 135 1034 in
157 992 317 1037 itinere
336 1007 415 1049 per
437 992 619 1047 aliquod
650 992 821 1034 itineris
853 993 1070 1047 spatium,
1104 1008 1207 1037 eum
1237 993 1299 1035 illi
1330 993 1445 1037 detis
1475 1003 1725 1050 ceteraque.

89 1051 241 1094 omnia
263 1051 494 1095 charitatis
516 1051 662 1094 officia
684 1066 794 1107 erga
816 1051 943 1093 illum
972 1052 1224 1106 praestetis,
1252 1068 1367 1108 quae
1390 1053 1530 1108 ipsius
1553 1053 1713 1106 virtus,

91 1111 267 1163 merita,
288 1118 333 1155 et
354 1111 549 1154 charitas
567 1110 760 1153 instituti
778 1111 937 1162 nostri,
959 1125 1061 1153 curn
1082 1127 1182 1155 meo
1199 1112 1439 1164 desiderio,
1461 1113 1713 1168 requirunt.

94 1171 195 1213 Hoc
218 1170 326 1212 mihi
349 1170 433 1214 erit
456 1169 778 1226 gratissimum.
807 1172 992 1221 Rornae,
1026 1183 1074 1225 13
1098 1170 1169 1214 die
1193 1171 1296 1226 Maij
1330 1182 1455 1225 1574.

810 1305 1000 1360 LXXXI

516 1413 560 1447 Ρ.
581 1411 899 1447 EVERARDUS
917 1411 1294 1448 MERCURIANUS

624 1509 764 1539 PATRI
789 1509 944 1539 PAULO
966 1509 1183 1539 HOFFAEO

571 1593 784 1642 Romae,
828 1601 881 1644 15
917 1590 1040 1645 Maji
1080 1592 1244 1644 [574².

460 1678 633 1714 Litterae
652 1678 1014 1721 commendatitiae,
1030 1681 1107 1724 pro
1127 1679 1175 1712 P.
1197 1678 1351 1714 Natali.

182 1763 476 1806 Reverendus
505 1762 639 1805 Pater
668 1761 974 1815 Hieronymus
1003 1760 1199 1813 Natalis,
1232 1763 1608 1816 quemadmodum
1639 1777 1723 1806 cu—

94 1822 302 1879 piebatis,
329 1821 452 1864 uenit
474 1820 519 1863 in
542 1820 822 1876 prouinciam
846 1822 949 1863 Rae
969 1822 1109 1872 Tuae,
1136 1834 1270 1874 quam
1294 1821 1575 1876 potissimum
1598 1823 1722 1866 dele-

97 1882 179 1938 git,
205 1889 256 1924 ut
279 1880 553 1935 aliquandiu,
574 1879 670 1922 siue
688 1879 857 1933 aliquot
876 1893 1032 1933 annos,
1055 1881 1151 1923 Deo
1169 1880 1320 1931 dante,
1340 1882 1459 1935 apud
1477 1896 1559 1924 uos
1577 1882 1720 1926 uiuat.

94 1942 195 1998 Ipse
216 1942 364 1983 bonus
387 1954 540 1990 senex,
569 1945 617 1980 ut
639 1953 815 1993 semper
838 1953 1087 1993 propensus
1110 1938 1194 1980 fuit
1217 1954 1325 1994 erga
1347 1954 1610 1995 germanos,
1637 1942 1722 1983 ha—

95 2002 220 2044 lense
242 1999 484 2055 collegium
508 2005 710 2040 nostrum
731 1999 744 2018 ⁵
769 1997 941 2052 optauit
965 2011 1064 2040 esse
1086 1997 1360 2040 domicilium
1384 2013 1533 2050 suum,
1560 2014 1613 2042 ex
1633 2014 1722 2054 quo

94 2067 246 2103 tamen
269 2058 431 2114 poterit
453 2058 509 2100 ad
533 2056 733 2112 proxima
755 2056 945 2111 collegia
968 2070 1227 2108 excurrere,
1253 2071 1356 2099 curn
1387 2058 1594 2101 uoluerit.
1622 2061 1724 2102 Me-

96 2119 179 2162 rita
197 2126 242 2161 et
261 2118 403 2160 uirtus
421 2124 511 2159 tam
529 2116 636 2158 boni
653 2115 796 2158 Patris
815 2115 938 2167 satis,
955 2115 1050 2158 sine
1068 2115 1242 2168 litteris,
1258 2116 1503 2172 unicuique
1520 2125 1722 2161 uestrum

96 2179 231 2221 debet
263 2191 361 2220 esse
394 2176 723 2218 commendata.
760 2176 829 2217 Ac
862 2182 1097 2230 propterea
1129 2189 1232 2217 eum
1263 2177 1316 2220 T.
1353 2178 1457 2220 Rae
1481 2191 1571 2218 non
1604 2178 1722 2220 duco

96 2251 196 2280 esse
219 2235 523 2280 necessarium
548 2241 596 2276 ut
625 2234 949 2285 commendem,
976 2233 1061 2276 nisi
1083 2235 1202 2289 quod
1226 2234 1335 2276 mihi
1353 2235 1437 2278 erit
1459 2250 1592 2290 quam
1617 2251 1721 2292 gra—

96 2296 317 2339 tissimum
342 2295 387 2336 in
411 2293 621 2346 Domino,
644 2301 693 2335 ut
716 2292 936 2349 intelligat
960 2308 1015 2336 ex
1037 2300 1292 2335 nostrorum
1316 2309 1424 2350 erga
1441 2294 1565 2336 illum
1590 2310 1723 2339 reue—

96 2355 242 2399 rentia
274 2362 319 2397 et
352 2353 571 2397 charitate
604 2360 882 2407 quantopere
905 2352 1030 2394 illum
1054 2367 1221 2405 amem,
1247 2367 1299 2395 ac
1327 2368 1436 2396 uero
1465 2368 1615 2396 amare
1643 2355 1723 2398 de-

96 2415 234 2457 beant
256 2413 414 2457 nostri.
442 2412 644 2466 Reliqua,
672 2426 786 2466 quae
809 2412 865 2453 ad
887 2411 1006 2453 illius
1030 2411 1244 2454 uiaticum
1268 2412 1508 2467 pertinent,
1536 2413 1632 2456 aliis
1649 2413 1725 2454 lit-

100 2473 206 2517 teris
229 2474 286 2515 ad
308 2474 363 2516 T.
388 2474 505 2516 Ram
519 2471 877 2527 perscribuntur.
899 2470 947 2514 Si
966 2470 1086 2514 Reus
1100 2470 1172 2512 hic
1190 2472 1324 2514 Pater
1345 2472 1497 2526 cupiat
1514 2472 1647 2514 etiam
1667 2473 1725 2514 ad

96 2532 185 2575 alia
207 2531 398 2587 collegia
421 2545 674 2581 excurrere,
701 2537 745 2573 et
768 2529 828 2572 ibi
851 2543 1049 2581 manere,
1070 2537 1197 2572 curet
1220 2532 1274 2574 T.
1300 2530 1380 2574 Ra
1405 2537 1454 2572 ut
1476 2530 1725 2586 excipiatur

99 2591 394 2647 perbenigne,
420 2597 465 2632 et
487 2591 542 2632 ab
567 2589 715 2644 aliquo
740 2591 873 2632 Patre
897 2590 969 2632 uel
993 2589 1131 2630 fratre
1153 2589 1198 2630 in
1221 2588 1315 2631 suis
1343 2589 1504 2632 studiis
1533 2590 1722 2632 adiuue-

98 2657 187 2703 tur3
214 2650 334 2705 quod
357 2649 537 2704 quidem
566 2649 710 2692 Halae
738 2648 820 2690 erit
850 2655 1249 2703 peropportunum,
1275 2648 1495 2704 uobisque
1518 2650 1647 2693 cedet
1676 2649 1721 2692 in

97 2724 189 2752 non
211 2709 426 2765 exiguum
456 2709 642 2761 bonum,
667 2716 754 2751 etc.
782 2709 967 2760 Romae,
1000 2717 1047 2761 15
1073 2707 1181 2762 Maji
1210 2718 1340 2761 1574.

168 2839 177 2858 ¹
229 2839 287 2873 Ex
305 2838 525 2884 apographo
543 2849 703 2882 coaevo,
723 2837 762 2872 in
786 2836 920 2872 codice
944 2836 1049 2871 varia
1068 2837 1309 2872 continente.
1335 2837 1379 2872 In
1398 2837 1570 2882 margine
1591 2848 1597 2870 :
1621 2837 1722 2871 Pro-

94 2897 336 2933 vincialibus
353 2900 389 2932 et
403 2897 620 2932 rectoribus
640 2898 680 2931 in
701 2897 825 2931 Italia
842 2899 879 2931 et
901 2895 1125 2931 Germania
1140 2898 1215 2940 pro
1235 2896 1289 2930 P.
1309 2896 1468 2931 Natali.

169 2955 184 2976 ²
232 2957 290 2990 Ex
308 2956 494 3001 Regesm,
518 2954 613 2990 Cod.
634 2955 746 3001 33j),
765 2954 831 2990 fol.
855 2963 910 2990 11.

172 3016 186 3035 ³
236 3014 335 3049 Vide
354 3014 467 3060 epist.
489 3022 570 3059 557,
591 3025 679 3049 curn
697 3013 1026 3050 annotationibus.
