2101 3348
428 230 497 264 812
1006 229 1144 263 EPIST.
1173 228 1217 263 P.
1247 228 1398 264 NADAL

377 333 503 384 dvm3
541 330 686 386 frigus
715 329 851 373 etiam
880 329 990 372 illvd
1018 331 1314 374 vehementer
1345 332 1600 383 horrebam,
1636 331 1877 387 praecipue
1908 347 2017 377 vero

378 390 730 432 diuersoriorum
755 389 1188 440 incommoditatem,
1213 390 1270 432 de
1293 389 1458 444 quibus
1475 392 1528 433 R.
1552 392 1606 434 P.
1627 391 1917 435 Salmeronus
1934 392 2016 434 ali-

379 450 489 504 qvid
511 449 641 491 vobis
664 463 848 492 narrare
871 449 1051 504 poterit.
1077 448 1397 501 Nihilominus,
1431 449 1642 492 invocato
1673 449 1841 492 Christi
1869 451 2016 494 nomi-

381 523 455 560 ne,
496 508 600 552 dedi
637 523 710 551 me
746 507 793 549 in
829 508 970 560 viam,
1013 515 1057 552 et
1094 508 1271 564 piorum
1309 508 1541 564 precibus,
1581 508 1759 564 Deique
1794 510 2014 553 beneficio
2047 531 2050 534 ⁴

379 567 601 623 singulari
630 568 801 610 factum
825 574 909 620 est,
934 574 999 620 vt,
1024 582 1116 622 quo
1139 567 1320 623 longius
1343 568 1667 623 proficiscerer,
1694 582 1783 623 quo
1815 569 1916 624 plus
1943 569 2014 612 in-

383 628 723 670 commodorum
748 628 926 679 ferrem,
952 641 1006 670 eo
1027 628 1183 670 fierem
1203 627 1425 669 valentior
1447 635 1492 671 et
1515 627 1756 672 robustior.
1777 628 1913 683 Quod
1929 643 2015 685 ego

384 695 535 729 tamen
559 685 800 731 Societatis
823 694 1000 730 vestrae
1023 686 1233 742 precibus
1256 694 1300 730 et
1322 685 1558 742 sacrificijs
1580 694 1818 741 acceptvm
1849 687 2012 741 tribuo,

384 761 501 801 quae
523 761 614 788 non
637 745 769 788 video
793 760 874 788 cur
895 745 940 788 in
964 761 1063 789 mea
1085 760 1292 801 persona,
1325 760 1459 800 quam
1488 746 1534 789 in
1567 747 1620 790 P.
1656 746 1843 790 Henrici
1871 747 2016 804 magis

384 807 596 849 efficaces
619 819 718 848 esse
740 805 995 848 debuerint.
1023 805 1163 848 Aliud
1185 807 1439 861 exemplum
1462 806 1652 861 profero.
1687 806 1885 861 Qvintus
1911 805 2015 859 iam,

384 865 431 908 ni
454 865 599 916 fallor,
626 879 771 907 annus
794 865 963 921 agitur,
991 879 1080 919 quo
1102 872 1327 908 venerunt
1349 867 1437 907 hvc
1459 873 1643 909 sanctae
1672 865 1912 919 Societatis
1939 880 2018 910 ve-

383 932 506 968 strae
531 924 708 978 fratres,
735 938 825 979 quo
849 932 1052 980 tempore
1074 926 1216 966 multa
1238 925 1337 967 loca
1361 939 1439 980 per
1457 924 1765 976 Germaniam,
1787 925 2018 968 Poloniam

384 991 432 1028 et
455 983 683 1027 Prvssiam
707 991 832 1039 peste
855 985 1038 1026 fverunt
1060 983 1241 1027 infecta.
1271 984 1347 1028 Sic
1371 991 1521 1028 autem
1546 999 1678 1027 suurn
1702 984 1786 1027 iter
1808 983 2020 1028 institue—

386 1050 504 1096 rant,
529 1051 593 1095 vt,
620 1057 709 1098 quo
732 1043 924 1098 quisque
946 1044 1073 1085 locus
1096 1043 1243 1099 magis
1265 1050 1384 1087 esset
1407 1043 1638 1099 pestilens,
1670 1043 1715 1085 in
1745 1058 1848 1086 eum
1877 1043 2018 1100 potis-

386 1103 502 1147 sime
523 1103 818 1146 diuerterent.
840 1102 1053 1146 Seruauit
1071 1102 1366 1146 nihilominus
1381 1103 1481 1146 illos
1498 1105 1639 1155 Deus,
1662 1111 1707 1147 et
1725 1119 1780 1147 ex
1797 1103 1883 1155 his,
1905 1118 2018 1159 quos

388 1162 572 1205 misistis
596 1163 652 1204 ad
675 1176 773 1214 nos,
795 1176 874 1218 per
890 1162 976 1205 Dei
994 1163 1186 1218 gratiam
1205 1163 1377 1205 nullvm
1395 1163 1541 1205 adhvc
1559 1162 1851 1218 perdidimus,
1871 1177 2018 1218 neque

388 1221 685 1279 periculosius
708 1221 944 1276 qvisquam
967 1222 1238 1277 aegrotauit,
1265 1229 1443 1277 praeter
1471 1223 1521 1265 P.
1556 1223 1742 1265 Petrum
1777 1224 1804 1274 ¹,
1841 1221 1918 1277 qui
1950 1229 2017 1265 ta-

387 1296 491 1324 men
515 1288 560 1325 et
582 1281 678 1336 ipse
700 1280 787 1323 iam
811 1281 1060 1325 conualuit.
1087 1283 1223 1325 Certe
1247 1282 1435 1324 fratrum
1458 1282 1646 1324 istorum
1671 1281 1926 1325 obedientia
1947 1296 2018 1324 sa-

390 1341 447 1383 tis
471 1340 679 1383 admirari
703 1347 748 1384 et
771 1341 1023 1383 exosculari
1046 1356 1136 1384 non
1159 1348 1322 1397 potest3
1349 1342 1428 1384 sed
1456 1341 1542 1384 ista
1574 1342 1627 1385 Ρ,
1663 1340 1868 1394 Henrici,
1903 1341 2020 1396 qvod

388 1402 510 1443 bona
532 1400 665 1443 venia
688 1400 740 1444 P.
766 1401 823 1443 V.
850 1400 1019 1443 dictvm
1041 1415 1142 1444 esse
1166 1400 1316 1453 velim,
1344 1402 1481 1456 paulo
1504 1400 1612 1442 mihi
1629 1400 1810 1444 videtur
1826 1415 1925 1444 esse
1942 1401 2019 1443 de-

390 1459 582 1503 licatior.
610 1460 699 1504 Sed
724 1459 830 1514 qvid
853 1460 1034 1502 faciam?
1064 1460 1296 1516 Operarijs
1325 1459 1511 1504 destitui
1540 1476 1611 1503 me
1643 1460 1791 1512 video,
1827 1467 1872 1502 et
1903 1461 2020 1502 hvnc

388 1520 554 1574 ipsum,
581 1534 715 1573 quem
739 1520 890 1561 adhvc
912 1521 1079 1563 habere
1102 1535 1199 1563 svm
1223 1521 1363 1572 visus,
1390 1521 1441 1562 P.
1476 1521 1678 1573 Petrum,
1710 1520 1887 1563 auferre
1915 1518 2022 1561 mihi

389 1580 442 1623 P.
469 1578 738 1622 Franciscus
763 1586 808 1622 et
830 1579 917 1621 alio
939 1579 1118 1623 mittere
1141 1587 1345 1631 conatvr,
1373 1579 1481 1634 quin
1511 1586 1559 1621 vt
1589 1595 1692 1623 eum
1722 1579 1818 1634 ipse
1845 1592 2021 1622 mecum

392 1639 613 1680 abdvcam
641 1639 756 1689 vult,
793 1637 830 1680 si
860 1640 1090 1693 profectus
1118 1640 1175 1681 ad
1203 1654 1283 1682 vos
1311 1638 1459 1682 isthvc
1488 1640 1634 1692 fuero,
1675 1639 1749 1681 cui
1777 1639 2021 1694 parendvm

392 1697 598 1740 fortassis
622 1697 722 1741 erit.
748 1697 892 1740 Video
916 1699 1038 1753 qvod
1059 1699 1222 1754 belgae
1246 1699 1406 1741 nolunt
1428 1700 1478 1741 Ρ.
1507 1697 1709 1741 Henrico
1740 1712 1909 1751 carere3
1943 1697 2022 1740 sed

391 1758 561 1800 habent
583 1757 645 1798 illi
669 1758 829 1800 dvcem
853 1758 1065 1800 albanum
1089 1759 1122 1810 2,
1154 1758 1231 1813 qui
1260 1759 1361 1813 plus
1389 1758 1597 1801 aedificat
1629 1757 1851 1809 faciendo,
1888 1771 2020 1812 quam

394 1817 447 1860 Ρ.
474 1816 705 1860 Henricus
728 1817 1047 1871 praedicando:
1075 1818 1209 1860 talem
1238 1818 1275 1860 si
1306 1833 1389 1860 nos
1417 1819 1703 1869 haberemus,
1740 1816 1966 1872 operarios
1995 1830 2021 1859 a

391 1876 521 1919 vobis
543 1876 659 1918 mitti
683 1883 808 1919 tanto
831 1877 979 1920 stvdio
1002 1892 1096 1920 non
1118 1885 1392 1933 peteremus.
1417 1879 1516 1920 Deo
1533 1877 1771 1933 negotium
1790 1878 1874 1919 hoc
1898 1889 2021 1919 com-

392 1935 569 1978 mittam
592 1950 777 1978 necesse
801 1945 886 1980 est.
912 1937 989 1979 Ille
1011 1937 1246 1992 provideat
1268 1937 1428 1980 vineae
1456 1951 1581 1980 suae.
1613 1936 1778 1980 Mirum
1811 1942 1879 1979 est
1906 1934 2023 1990 qvod

393 1994 526 2038 haedi
548 1994 635 2038 mei
659 2003 748 2038 tam
772 1995 917 2047 facile,
944 2011 1057 2050 quos
1080 1997 1255 2049 volunt,
1282 1996 1509 2039 ministros
1531 1996 1787 2051 acquirunt.
1812 1996 1944 2047 Nam,
1969 1994 2024 2037 ad

392 2054 516 2097 illvm
539 2055 750 2110 priorem,
777 2056 1062 2099 addvxerunt
1091 2070 1212 2098 nunc
1241 2056 1377 2100 etiam
1410 2057 1600 2098 alterum
1632 2055 1917 2108 deteriorem,
1949 2052 2024 2108 qui

395 2129 487 2156 non
527 2129 745 2169 germana
782 2118 931 2167 modo,
973 2130 1131 2159 verum
1169 2123 1213 2158 et
1252 2117 1417 2171 polona
1445 2115 1602 2171 lingua
1630 2114 1964 2157 multitudinem
1999 2127 2026 2156 a

394 2173 579 2215 Christo
603 2173 799 2225 abdvcit,
826 2181 870 2218 et
894 2175 951 2216 ad
972 2174 1258 2219 islebiensem
1281 2175 1595 2218 antichristvm
1621 2173 1827 2217 tradvcit:
1862 2173 1926 2216 sic
1959 2173 2026 2214 fa-

393 2240 518 2274 ctvm
555 2242 638 2285 est,
680 2241 729 2275 vt
765 2235 850 2275 hoc
888 2248 1007 2276 anno
1045 2235 1278 2289 pauciores
1307 2234 1709 2286 communicarent,
1741 2248 1875 2289 quam
1908 2243 2024 2274 anno

396 2291 643 2347 superiore.
686 2294 777 2336 Sed
814 2293 884 2335 his
921 2294 978 2336 de
1015 2294 1150 2336 rebus
1181 2301 1227 2337 et
1255 2295 1311 2336 de
1340 2294 1494 2336 multis
1523 2293 1619 2336 aliis
1649 2308 1816 2346 coram,
1840 2292 1877 2335 si
1899 2293 2023 2335 Deus

394 2352 532 2403 Volet,
558 2359 657 2406 post
682 2352 851 2406 aliquot
874 2366 1052 2397 menses
1075 2367 1211 2409 agere
1233 2353 1402 2397 licebit.
1435 2355 1611 2397 Interea
1643 2354 1809 2396 Rdum.
1844 2353 2022 2394 Patrem

395 2411 671 2466 generalem,
698 2413 1029 2464 Salmeronum,
1056 2414 1279 2465 Natalem,
1313 2415 1582 2456 Torrensem
1613 2426 1795 2467 quoque·
1821 2417 2023 2454 nostrum

394 2470 546 2512 verbis
582 2470 694 2513 meis
732 2471 918 2513 salutari
954 2479 1075 2526 peto;
1111 2487 1215 2514 nam
1253 2472 1587 2516 Warseuicium
1620 2472 1707 2514 iam
1745 2472 1792 2514 in
1823 2471 1940 2513 viam
1977 2481 2023 2511 se

394 2529 576 2572 dedisse
599 2537 723 2584 pvto.
751 2532 875 2573 Bene
898 2532 1046 2574 valeat
1075 2532 1127 2575 Ρ.
1160 2533 1237 2583 V.,
1273 2546 1436 2586 meque
1468 2531 1513 2573 in
1546 2531 1640 2573 suis
1673 2530 1950 2573 orationibus
1980 2533 2024 2570 et

397 2587 629 2643 sacrificijs
661 2590 1027 2633 commendatum
1069 2592 1250 2635 habeat.
1287 2593 1454 2634 Datum
1491 2606 1548 2634 ex
1585 2598 1732 2633 castro
1769 2604 1870 2632 meo
1898 2586 2027 2631 Heil-

397 2649 583 2703 spergk,
616 2660 661 2690 ΙΙ
683 2647 803 2704 Jvnij
829 2664 947 2691 anno
971 2650 1153 2692 Domini
1182 2651 1334 2707 1569.⁰
1358 2651 1514 2694 Frater
1537 2650 1582 2692 in
1605 2650 1804 2702 Christo,

804 2708 1124 2761 STANISLAUS,
1159 2724 1448 2753 CARDINALis
1485 2722 1792 2753 VARMIENSIS.

486 2766 731 2820 Inscriptio
753 2767 803 2807 z'n
827 2771 994 2821 quarta
1010 2770 1207 2824 pagina:
1230 2770 1348 2813 Rdo.
1375 2769 1498 2811 Patri
1527 2770 1583 2811 D.
1615 2768 1780 2825 Joanni
1810 2766 2026 2816 Polanco‚

395 2839 551 2868 sacrae
574 2825 831 2881 theologiae
854 2826 1043 2879 doctori,
1069 2834 1114 2870 et
1136 2834 1320 2870 sanctae
1336 2830 1447 2885 Jesu
1476 2827 1717 2872 Societatis
1746 2823 2027 2877 cancellario,

467 2955 476 2974 ¹
529 2955 648 2990 Phae.

464 3017 477 3036 ‘-‘
529 3014 797 3052 Ferdinandus
818 3017 985 3052 Alvarez
1004 3016 1052 3052 de
1069 3016 1235 3053 Toledo.
1258 3017 1357 3052 Vide
1377 2990 1491 3064 epist.
1513 3026 1596 3063 497,
1618 3030 1655 3053 n.
1677 3028 1713 3063 9,
1735 3021 1811 3052 etc.
