<?xml version="1.0" encoding="UTF-8"?>
<!DOCTYPE html PUBLIC "-//W3C//DTD XHTML 1.0 Transitional//EN"
    "http://www.w3.org/TR/xhtml1/DTD/xhtml1-transitional.dtd">
<html xmlns="http://www.w3.org/1999/xhtml" xml:lang="en" lang="en">
 <head>
  <title>
</title>
<meta http-equiv="Content-Type" content="text/html;charset=utf-8" />
  <meta name='ocr-system' content='tesseract 3.04.00' />
  <meta name='ocr-capabilities' content='ocr_page ocr_carea ocr_par ocr_line ocrx_word'/>
</head>
<body>
  <div class='ocr_page' id='page_1' title='image "./epistolaephieron10nada_0864.png"; bbox 0 0 2101 3348; ppageno 0'>
   <div class='ocr_carea' id='block_1_1' title="bbox 366 198 1330 243">
    <p class='ocr_par' dir='ltr' id='par_1_1' title="bbox 366 198 1330 243">
     <span class='ocr_line' id='line_1_1' title="bbox 366 198 1330 243; baseline 0.003 -9"><span class='ocrx_word' id='word_1_1' title='bbox 366 198 435 243; x_wconf 78' lang='lat'>824</span> <span class='ocrx_word' id='word_1_2' title='bbox 935 200 1073 236; x_wconf 74' lang='lat' dir='ltr'>Emsr.</span> <span class='ocrx_word' id='word_1_3' title='bbox 1102 200 1145 235; x_wconf 91' lang='lat' dir='ltr'>P.</span> <span class='ocrx_word' id='word_1_4' title='bbox 1173 200 1330 237; x_wconf 81' lang='lat' dir='ltr'>NADAL</span> 
     </span>
    </p>
   </div>
   <div class='ocr_carea' id='block_1_2' title="bbox 731 391 1530 524">
    <p class='ocr_par' dir='ltr' id='par_1_2' title="bbox 731 391 1530 524">
     <span class='ocr_line' id='line_1_2' title="bbox 999 391 1258 436; baseline -0.004 -1"><span class='ocrx_word' id='word_1_5' title='bbox 999 391 1258 436; x_wconf 87' lang='lat' dir='ltr'>LXXXVII</span> 
     </span>
     <span class='ocr_line' id='line_1_3' title="bbox 731 486 1530 524; baseline 0.004 -3"><span class='ocrx_word' id='word_1_6' title='bbox 731 486 774 521; x_wconf 89' lang='lat' dir='ltr'><strong>P.</strong></span> <span class='ocrx_word' id='word_1_7' title='bbox 804 486 1123 523; x_wconf 81' lang='lat' dir='ltr'><strong>EVERARDUS</strong></span> <span class='ocrx_word' id='word_1_8' title='bbox 1150 486 1530 524; x_wconf 84' lang='lat' dir='ltr'><strong>MERCURIANUS</strong></span> 
     </span>
    </p>
   </div>
   <div class='ocr_carea' id='block_1_3' title="bbox 831 583 1420 615">
    <p class='ocr_par' dir='ltr' id='par_1_3' title="bbox 831 583 1420 615">
     <span class='ocr_line' id='line_1_4' title="bbox 831 583 1420 615; baseline 0.003 -2"><span class='ocrx_word' id='word_1_9' title='bbox 831 583 972 614; x_wconf 88' lang='lat' dir='ltr'>PATRI</span> <span class='ocrx_word' id='word_1_10' title='bbox 1007 585 1164 615; x_wconf 88' lang='lat' dir='ltr'><strong>PAULO</strong></span> <span class='ocrx_word' id='word_1_11' title='bbox 1197 585 1420 615; x_wconf 90' lang='lat' dir='ltr'>HOFFAEO</span> 
     </span>
    </p>
   </div>
   <div class='ocr_carea' id='block_1_4' title="bbox 780 665 1482 722">
    <p class='ocr_par' dir='ltr' id='par_1_4' title="bbox 780 665 1482 722">
     <span class='ocr_line' id='line_1_5' title="bbox 780 665 1482 722; baseline 0.003 -14"><span class='ocrx_word' id='word_1_12' title='bbox 780 666 965 721; x_wconf 87' lang='lat' dir='ltr'>Romae,</span> <span class='ocrx_word' id='word_1_13' title='bbox 993 675 1046 720; x_wconf 87' lang='lat'>25</span> <span class='ocrx_word' id='word_1_14' title='bbox 1072 665 1289 709; x_wconf 84' lang='lat' dir='ltr'>Octobris</span> <span class='ocrx_word' id='word_1_15' title='bbox 1317 677 1428 722; x_wconf 84' lang='lat'>1574</span> <span class='ocrx_word' id='word_1_16' title='bbox 1455 669 1482 710; x_wconf 89' lang='lat'>¹.</span> 
     </span>
    </p>
   </div>
   <div class='ocr_carea' id='block_1_5' title="bbox 336 753 1923 804">
    <p class='ocr_par' dir='ltr' id='par_1_5' title="bbox 336 753 1923 804">
     <span class='ocr_line' id='line_1_6' title="bbox 336 753 1923 804; baseline 0.004 -17"><span class='ocrx_word' id='word_1_17' title='bbox 336 753 523 788; x_wconf 79' lang='lat' dir='ltr'><em>Natalem</em></span> <span class='ocrx_word' id='word_1_18' title='bbox 543 753 672 788; x_wconf 83' lang='lat' dir='ltr'><em>denuo</em></span> <span class='ocrx_word' id='word_1_19' title='bbox 691 755 961 788; x_wconf 81' lang='lat' dir='ltr'><em>commendat:</em></span> <span class='ocrx_word' id='word_1_20' title='bbox 981 754 1068 800; x_wconf 85' lang='lat' dir='ltr'>ejus</span> <span class='ocrx_word' id='word_1_21' title='bbox 1084 756 1276 790; x_wconf 81' lang='lat' dir='ltr'><em>senectuti</em></span> <span class='ocrx_word' id='word_1_22' title='bbox 1293 756 1453 802; x_wconf 81' lang='lat' dir='ltr'>aliquid</span> <span class='ocrx_word' id='word_1_23' title='bbox 1471 757 1766 804; x_wconf 78' lang='lat' dir='ltr'><em>indulgendum</em></span> <span class='ocrx_word' id='word_1_24' title='bbox 1784 761 1923 793; x_wconf 80' lang='lat' dir='ltr'>censet.</span> 
     </span>
    </p>
   </div>
   <div class='ocr_carea' id='block_1_6' title="bbox 313 836 1950 1608">
    <p class='ocr_par' dir='ltr' id='par_1_6' title="bbox 313 836 1950 1608">
     <span class='ocr_line' id='line_1_7' title="bbox 448 836 1950 893; baseline 0.003 -14.116"><span class='ocrx_word' id='word_1_25' title='bbox 448 837 531 880; x_wconf 84' lang='lat' dir='ltr'>,In</span> <span class='ocrx_word' id='word_1_26' title='bbox 554 836 710 892; x_wconf 90' lang='lat' dir='ltr'>primis</span> <span class='ocrx_word' id='word_1_27' title='bbox 734 836 867 893; x_wconf 88' lang='lat' dir='ltr'>cupio</span> <span class='ocrx_word' id='word_1_28' title='bbox 889 838 1059 881; x_wconf 92' lang='lat' dir='ltr'>bonum</span> <span class='ocrx_word' id='word_1_29' title='bbox 1083 839 1264 883; x_wconf 88' lang='lat' dir='ltr'>Patrem</span> <span class='ocrx_word' id='word_1_30' title='bbox 1288 840 1495 884; x_wconf 81' lang='lat' dir='ltr'>Natalem</span> <span class='ocrx_word' id='word_1_31' title='bbox 1518 839 1649 883; x_wconf 85' lang='lat' dir='ltr'>solita</span> <span class='ocrx_word' id='word_1_32' title='bbox 1670 841 1950 884; x_wconf 87' lang='lat' dir='ltr'>beneuolen-</span> 
     </span>
     <span class='ocr_line' id='line_1_8' title="bbox 314 872 1947 955; baseline 0.004 -17"><span class='ocrx_word' id='word_1_33' title='bbox 314 896 375 939; x_wconf 89' lang='lat' dir='ltr'>tia</span> <span class='ocrx_word' id='word_1_34' title='bbox 393 872 530 952; x_wconf 80' lang='lat' dir='ltr'>atque</span> <span class='ocrx_word' id='word_1_35' title='bbox 547 897 836 939; x_wconf 86' lang='lat' dir='ltr'>obseruantia</span> <span class='ocrx_word' id='word_1_36' title='bbox 853 896 986 940; x_wconf 89' lang='lat' dir='ltr'>isthic</span> <span class='ocrx_word' id='word_1_37' title='bbox 1005 897 1203 941; x_wconf 87' lang='lat' dir='ltr'>tractari</span> <span class='ocrx_word' id='word_1_38' title='bbox 1217 899 1433 943; x_wconf 81' lang='lat' dir='ltr'>Ceterum</span> <span class='ocrx_word' id='word_1_39' title='bbox 1451 899 1488 942; x_wconf 91' lang='lat' dir='ltr'>si</span> <span class='ocrx_word' id='word_1_40' title='bbox 1507 899 1616 955; x_wconf 92' lang='lat' dir='ltr'>quid</span> <span class='ocrx_word' id='word_1_41' title='bbox 1633 901 1800 944; x_wconf 87' lang='lat' dir='ltr'>habeat</span> <span class='ocrx_word' id='word_1_42' title='bbox 1816 903 1871 945; x_wconf 89' lang='lat' dir='ltr'>T.</span> <span class='ocrx_word' id='word_1_43' title='bbox 1892 903 1947 946; x_wconf 88' lang='lat' dir='ltr'>R.</span> 
     </span>
     <span class='ocr_line' id='line_1_9' title="bbox 313 954 1950 1025; baseline 0.004 -28"><span class='ocrx_word' id='word_1_44' title='bbox 313 956 436 1010; x_wconf 92' lang='lat' dir='ltr'>quod</span> <span class='ocrx_word' id='word_1_45' title='bbox 454 954 699 1011; x_wconf 83' lang='lat' dir='ltr'>significet,</span> <span class='ocrx_word' id='word_1_46' title='bbox 722 957 795 999; x_wconf 92' lang='lat' dir='ltr'>uel</span> <span class='ocrx_word' id='word_1_47' title='bbox 812 956 1007 1012; x_wconf 80' lang='lat' dir='ltr'>aliquam</span> <span class='ocrx_word' id='word_1_48' title='bbox 1025 957 1208 1001; x_wconf 89' lang='lat' dir='ltr'>noueris</span> <span class='ocrx_word' id='word_1_49' title='bbox 1225 966 1527 1025; x_wconf 85' lang='lat' dir='ltr'>opportunam</span> <span class='ocrx_word' id='word_1_50' title='bbox 1549 960 1834 1004; x_wconf 81' lang='lat' dir='ltr'>occasionem</span> <span class='ocrx_word' id='word_1_51' title='bbox 1852 975 1950 1003; x_wconf 92' lang='lat' dir='ltr'>me-</span> 
     </span>
     <span class='ocr_line' id='line_1_10' title="bbox 313 1014 1949 1075; baseline 0.004 -18"><span class='ocrx_word' id='word_1_52' title='bbox 313 1015 400 1057; x_wconf 88' lang='lat' dir='ltr'>lius</span> <span class='ocrx_word' id='word_1_53' title='bbox 423 1014 522 1058; x_wconf 89' lang='lat' dir='ltr'>eius</span> <span class='ocrx_word' id='word_1_54' title='bbox 544 1014 794 1058; x_wconf 88' lang='lat' dir='ltr'>valetudini</span> <span class='ocrx_word' id='word_1_55' title='bbox 818 1016 1135 1072; x_wconf 88' lang='lat' dir='ltr'>prospiciendi,</span> <span class='ocrx_word' id='word_1_56' title='bbox 1161 1017 1467 1072; x_wconf 85' lang='lat' dir='ltr'>gratissimum</span> <span class='ocrx_word' id='word_1_57' title='bbox 1493 1018 1667 1072; x_wconf 85' lang='lat' dir='ltr'>feceris,</span> <span class='ocrx_word' id='word_1_58' title='bbox 1694 1019 1730 1061; x_wconf 92' lang='lat' dir='ltr'>si</span> <span class='ocrx_word' id='word_1_59' title='bbox 1753 1019 1949 1075; x_wconf 85' lang='lat' dir='ltr'>diligen-</span> 
     </span>
     <span class='ocr_line' id='line_1_11' title="bbox 314 1075 1948 1143; baseline 0.003 -27"><span class='ocrx_word' id='word_1_60' title='bbox 314 1082 382 1117; x_wconf 81' lang='lat' dir='ltr'>ter</span> <span class='ocrx_word' id='word_1_61' title='bbox 405 1075 461 1117; x_wconf 85' lang='lat' dir='ltr'>ad</span> <span class='ocrx_word' id='word_1_62' title='bbox 484 1088 555 1117; x_wconf 89' lang='lat' dir='ltr'>me</span> <span class='ocrx_word' id='word_1_63' title='bbox 579 1075 770 1118; x_wconf 88' lang='lat' dir='ltr'>deferas.</span> <span class='ocrx_word' id='word_1_64' title='bbox 795 1076 895 1131; x_wconf 84' lang='lat' dir='ltr'>Ego</span> <span class='ocrx_word' id='word_1_65' title='bbox 918 1075 1099 1143; x_wconf 83' lang='lat' dir='ltr'>quidem</span> <span class='ocrx_word' id='word_1_66' title='bbox 1122 1077 1314 1120; x_wconf 79' lang='lat' dir='ltr'>arbitror</span> <span class='ocrx_word' id='word_1_67' title='bbox 1335 1092 1429 1120; x_wconf 90' lang='lat' dir='ltr'>non</span> <span class='ocrx_word' id='word_1_68' title='bbox 1447 1092 1605 1133; x_wconf 89' lang='lat' dir='ltr'>parum</span> <span class='ocrx_word' id='word_1_69' title='bbox 1624 1079 1948 1122; x_wconf 83' lang='lat' dir='ltr'>consolationis</span> 
     </span>
     <span class='ocr_line' id='line_1_12' title="bbox 314 1133 1947 1203; baseline 0.004 -27"><span class='ocrx_word' id='word_1_70' title='bbox 314 1148 370 1176; x_wconf 85' lang='lat' dir='ltr'>ex</span> <span class='ocrx_word' id='word_1_71' title='bbox 399 1133 659 1178; x_wconf 85' lang='lat' dir='ltr'>visitatione</span> <span class='ocrx_word' id='word_1_72' title='bbox 685 1135 985 1202; x_wconf 29' lang='lat' dir='ltr'>‘collegiorum</span> <span class='ocrx_word' id='word_1_73' title='bbox 1014 1135 1145 1179; x_wconf 88' lang='lat' dir='ltr'>istius</span> <span class='ocrx_word' id='word_1_74' title='bbox 1172 1136 1434 1203; x_wconf 82' lang='lat' dir='ltr'>prouinciae</span> <span class='ocrx_word' id='word_1_75' title='bbox 1463 1144 1779 1193; x_wconf 88' lang='lat' dir='ltr'>accepturum,</span> <span class='ocrx_word' id='word_1_76' title='bbox 1811 1145 1947 1194; x_wconf 85' lang='lat' dir='ltr'>atque</span> 
     </span>
     <span class='ocr_line' id='line_1_13' title="bbox 313 1192 1947 1253; baseline 0.004 -18"><span class='ocrx_word' id='word_1_77' title='bbox 313 1192 531 1236; x_wconf 86' lang='lat' dir='ltr'>fratribus</span> <span class='ocrx_word' id='word_1_78' title='bbox 554 1193 720 1237; x_wconf 89' lang='lat' dir='ltr'>nostris</span> <span class='ocrx_word' id='word_1_79' title='bbox 743 1208 852 1238; x_wconf 85' lang='lat' dir='ltr'>suae</span> <span class='ocrx_word' id='word_1_80' title='bbox 874 1194 1054 1238; x_wconf 86' lang='lat' dir='ltr'>virtutis</span> <span class='ocrx_word' id='word_1_81' title='bbox 1077 1209 1129 1238; x_wconf 92' lang='lat' dir='ltr'>ac</span> <span class='ocrx_word' id='word_1_82' title='bbox 1152 1195 1330 1251; x_wconf 87' lang='lat' dir='ltr'>pietatis</span> <span class='ocrx_word' id='word_1_83' title='bbox 1362 1197 1617 1252; x_wconf 85' lang='lat' dir='ltr'>exemplum</span> <span class='ocrx_word' id='word_1_84' title='bbox 1641 1211 1733 1239; x_wconf 88' lang='lat' dir='ltr'>non</span> <span class='ocrx_word' id='word_1_85' title='bbox 1754 1198 1947 1253; x_wconf 70' lang='lat' dir='ltr'>uuloare</span> 
     </span>
     <span class='ocr_line' id='line_1_14' title="bbox 314 1253 1946 1311; baseline 0.003 -17"><span class='ocrx_word' id='word_1_86' title='bbox 314 1253 581 1295; x_wconf 85' lang='lat' dir='ltr'>relaturum.</span> <span class='ocrx_word' id='word_1_87' title='bbox 609 1254 783 1297; x_wconf 83' lang='lat' dir='ltr'>Omnes</span> <span class='ocrx_word' id='word_1_88' title='bbox 805 1268 915 1297; x_wconf 88' lang='lat' dir='ltr'>uero</span> <span class='ocrx_word' id='word_1_89' title='bbox 938 1255 1100 1297; x_wconf 85' lang='lat' dir='ltr'>fratres</span> <span class='ocrx_word' id='word_1_90' title='bbox 1123 1262 1317 1308; x_wconf 85' lang='lat' dir='ltr'>nostros,</span> <span class='ocrx_word' id='word_1_91' title='bbox 1343 1270 1424 1311; x_wconf 91' lang='lat' dir='ltr'>pro</span> <span class='ocrx_word' id='word_1_92' title='bbox 1452 1270 1534 1299; x_wconf 90' lang='lat' dir='ltr'>sua</span> <span class='ocrx_word' id='word_1_93' title='bbox 1562 1256 1609 1298; x_wconf 93' lang='lat' dir='ltr'>in</span> <span class='ocrx_word' id='word_1_94' title='bbox 1641 1272 1779 1301; x_wconf 75' lang='lat' dir='ltr'>uenei</span> <span class='ocrx_word' id='word_1_95' title='bbox 1783 1257 1946 1300; x_wconf 86' lang='lat' dir='ltr'>andam</span> 
     </span>
     <span class='ocr_line' id='line_1_15' title="bbox 316 1312 1943 1371; baseline 0.004 -18"><span class='ocrx_word' id='word_1_96' title='bbox 316 1312 439 1354; x_wconf 83' lang='lat' dir='ltr'>illam</span> <span class='ocrx_word' id='word_1_97' title='bbox 464 1312 674 1356; x_wconf 81' lang='lat' dir='ltr'>canitiem</span> <span class='ocrx_word' id='word_1_98' title='bbox 697 1313 1004 1366; x_wconf 84' lang='lat' dir='ltr'>obseruantia,</span> <span class='ocrx_word' id='word_1_99' title='bbox 1027 1313 1158 1368; x_wconf 89' lang='lat' dir='ltr'>aequi</span> <span class='ocrx_word' id='word_1_100' title='bbox 1181 1314 1378 1370; x_wconf 86' lang='lat' dir='ltr'>bonique</span> <span class='ocrx_word' id='word_1_101' title='bbox 1395 1316 1684 1359; x_wconf 84' lang='lat' dir='ltr'>consulturos</span> <span class='ocrx_word' id='word_1_102' title='bbox 1706 1316 1887 1371; x_wconf 91' lang='lat' dir='ltr'>siquid</span> <span class='ocrx_word' id='word_1_103' title='bbox 1876 1331 1943 1359; x_wconf 91' lang='lat' dir='ltr'>1n-</span> 
     </span>
     <span class='ocr_line' id='line_1_16' title="bbox 317 1371 1948 1430; baseline 0.003 -17"><span class='ocrx_word' id='word_1_104' title='bbox 317 1373 497 1416; x_wconf 90' lang='lat' dir='ltr'>terdum</span> <span class='ocrx_word' id='word_1_105' title='bbox 522 1372 656 1427; x_wconf 83' lang='lat' dir='ltr'>paulo</span> <span class='ocrx_word' id='word_1_106' title='bbox 679 1371 864 1416; x_wconf 88' lang='lat' dir='ltr'>liberius</span> <span class='ocrx_word' id='word_1_107' title='bbox 886 1374 943 1415; x_wconf 90' lang='lat' dir='ltr'>ab</span> <span class='ocrx_word' id='word_1_108' title='bbox 967 1373 1065 1429; x_wconf 91' lang='lat' dir='ltr'>ipso</span> <span class='ocrx_word' id='word_1_109' title='bbox 1089 1373 1185 1416; x_wconf 90' lang='lat' dir='ltr'>fieri</span> <span class='ocrx_word' id='word_1_110' title='bbox 1208 1375 1533 1430; x_wconf 82' lang='lat' dir='ltr'>perspexerint.</span> <span class='ocrx_word' id='word_1_111' title='bbox 1557 1377 1609 1418; x_wconf 93' lang='lat' dir='ltr'>T.</span> <span class='ocrx_word' id='word_1_112' title='bbox 1617 1382 1649 1402; x_wconf 90' lang='lat' dir='ltr'>m</span> <span class='ocrx_word' id='word_1_113' title='bbox 1671 1377 1724 1418; x_wconf 92' lang='lat' dir='ltr'><strong>R.</strong></span> <span class='ocrx_word' id='word_1_114' title='bbox 1732 1383 1763 1402; x_wconf 80' lang='lat'>¹1¹</span> <span class='ocrx_word' id='word_1_115' title='bbox 1784 1376 1948 1420; x_wconf 88' lang='lat' dir='ltr'>iterum</span> 
     </span>
     <span class='ocr_line' id='line_1_17' title="bbox 316 1431 1949 1489; baseline 0.003 -16"><span class='ocrx_word' id='word_1_116' title='bbox 316 1438 453 1486; x_wconf 90' lang='lat' dir='ltr'>atque</span> <span class='ocrx_word' id='word_1_117' title='bbox 472 1431 633 1474; x_wconf 89' lang='lat' dir='ltr'>iterum</span> <span class='ocrx_word' id='word_1_118' title='bbox 646 1433 826 1488; x_wconf 87' lang='lat' dir='ltr'>postulo</span> <span class='ocrx_word' id='word_1_119' title='bbox 838 1433 1007 1475; x_wconf 91' lang='lat' dir='ltr'>bonum</span> <span class='ocrx_word' id='word_1_120' title='bbox 1025 1447 1196 1485; x_wconf 85' lang='lat' dir='ltr'>senem,</span> <span class='ocrx_word' id='word_1_121' title='bbox 1212 1433 1377 1488; x_wconf 87' lang='lat' dir='ltr'>quibus</span> <span class='ocrx_word' id='word_1_122' title='bbox 1392 1434 1572 1489; x_wconf 85' lang='lat' dir='ltr'>poterit,</span> <span class='ocrx_word' id='word_1_123' title='bbox 1587 1434 1750 1478; x_wconf 87' lang='lat' dir='ltr'>studiis</span> <span class='ocrx_word' id='word_1_124' title='bbox 1766 1434 1949 1478; x_wconf 87' lang='lat' dir='ltr'>officiis-</span> 
     </span>
     <span class='ocr_line' id='line_1_18' title="bbox 316 1491 1950 1557; baseline 0.004 -25"><span class='ocrx_word' id='word_1_125' title='bbox 316 1504 407 1557; x_wconf 79' lang='lat' dir='ltr'>que</span> <span class='ocrx_word' id='word_1_126' title='bbox 429 1491 641 1546; x_wconf 90' lang='lat' dir='ltr'>prosequi</span> <span class='ocrx_word' id='word_1_127' title='bbox 665 1505 754 1533; x_wconf 91' lang='lat' dir='ltr'>non</span> <span class='ocrx_word' id='word_1_128' title='bbox 780 1492 1012 1547; x_wconf 82' lang='lat' dir='ltr'>fatigetur,</span> <span class='ocrx_word' id='word_1_129' title='bbox 1038 1500 1335 1548; x_wconf 86' lang='lat' dir='ltr'>prospectans</span> <span class='ocrx_word' id='word_1_130' title='bbox 1356 1493 1401 1536; x_wconf 89' lang='lat' dir='ltr'>in</span> <span class='ocrx_word' id='word_1_131' title='bbox 1424 1508 1523 1536; x_wconf 90' lang='lat' dir='ltr'>eam</span> <span class='ocrx_word' id='word_1_132' title='bbox 1541 1495 1813 1547; x_wconf 89' lang='lat' dir='ltr'>mercedem,</span> <span class='ocrx_word' id='word_1_133' title='bbox 1834 1509 1950 1550; x_wconf 85' lang='lat' dir='ltr'>quae</span> 
     </span>
     <span class='ocr_line' id='line_1_19' title="bbox 320 1550 1183 1608; baseline 0.002 -16"><span class='ocrx_word' id='word_1_134' title='bbox 320 1557 363 1593; x_wconf 87' lang='lat' dir='ltr'>te</span> <span class='ocrx_word' id='word_1_135' title='bbox 387 1550 433 1592; x_wconf 91' lang='lat' dir='ltr'>in</span> <span class='ocrx_word' id='word_1_136' title='bbox 456 1550 593 1594; x_wconf 89' lang='lat' dir='ltr'>coelis</span> <span class='ocrx_word' id='word_1_137' title='bbox 617 1558 824 1607; x_wconf 85' lang='lat' dir='ltr'>expectat</span> <span class='ocrx_word' id='word_1_138' title='bbox 846 1566 1012 1608; x_wconf 84' lang='lat' dir='ltr'>magna</span> <span class='ocrx_word' id='word_1_139' title='bbox 1034 1551 1183 1597; x_wconf 90' lang='lat' dir='ltr'>nimis</span> 
     </span>
    </p>
   </div>
   <div class='ocr_carea' id='block_1_7' title="bbox 325 1650 603 1657">
    <p class='ocr_par' dir='ltr' id='par_1_7' title="bbox 325 1650 603 1657">
     <span class='ocr_line' id='line_1_20' title="bbox 325 1650 603 1657; baseline 0 0"><span class='ocrx_word' id='word_1_140' title='bbox 325 1650 603 1657; x_wconf 95' lang='lat' dir='ltr'> </span> 
     </span>
    </p>
   </div>
   <div class='ocr_carea' id='block_1_8' title="bbox 388 1699 1674 1747">
    <p class='ocr_par' dir='ltr' id='par_1_8' title="bbox 388 1699 1674 1747">
     <span class='ocr_line' id='line_1_21' title="bbox 388 1699 1674 1747; baseline 0.002 -13"><span class='ocrx_word' id='word_1_141' title='bbox 388 1699 396 1718; x_wconf 80' lang='lat'>¹</span> <span class='ocrx_word' id='word_1_142' title='bbox 448 1699 506 1734; x_wconf 82' lang='lat' dir='ltr'>Ex</span> <span class='ocrx_word' id='word_1_143' title='bbox 524 1700 712 1746; x_wconf 77' lang='lat' dir='ltr'>Regesto,</span> <span class='ocrx_word' id='word_1_144' title='bbox 734 1699 830 1735; x_wconf 81' lang='lat' dir='ltr'><strong>Cod.</strong></span> <span class='ocrx_word' id='word_1_145' title='bbox 860 1700 964 1746; x_wconf 76' lang='lat' dir='ltr'><em>33j),</em></span> <span class='ocrx_word' id='word_1_146' title='bbox 987 1699 1052 1735; x_wconf 86' lang='lat' dir='ltr'><strong>fol.</strong></span> <span class='ocrx_word' id='word_1_147' title='bbox 1073 1699 1132 1745; x_wconf 86' lang='lat'>34.</span> <span class='ocrx_word' id='word_1_148' title='bbox 1154 1700 1197 1736; x_wconf 88' lang='lat' dir='ltr'>In</span> <span class='ocrx_word' id='word_1_149' title='bbox 1217 1700 1404 1746; x_wconf 80' lang='lat' dir='ltr'>margine:</span> <span class='ocrx_word' id='word_1_150' title='bbox 1433 1702 1484 1736; x_wconf 90' lang='lat' dir='ltr'><strong>P.</strong></span> <span class='ocrx_word' id='word_1_151' title='bbox 1510 1700 1674 1747; x_wconf 84' lang='lat' dir='ltr'>Hoffeo.</span> 
     </span>
    </p>
   </div>
  </div>
 </body>
</html>
