2101 3348
375 217 443 263 478
887 216 1026 251 EPIST.
1054 215 1098 249 P.
1128 213 1400 259 NADAL-—484

319 333 455 363 senza
477 331 699 361 consenso
723 316 796 359 del
818 330 902 359 suo
925 314 1138 371 capitulo,
1167 315 1254 358 Del
1276 315 1521 359 cominciar
1543 317 1688 360 anche
1720 323 1845 360 tante
1873 316 1960 360 let-

319 395 433 439 tioni
455 394 658 446 insieme,
682 408 787 450 pare
810 407 917 436 cosa
938 393 1079 435 molto
1097 391 1294 445 difficile,
1314 407 1406 435 non
1423 393 1672 437 solamente
1689 408 1767 450 per
1783 394 1826 436 la
1842 407 1956 450 poca

319 479 497 518 entrata
518 473 601 514 che
623 470 659 514 si
683 470 739 513 da
762 470 807 512 di
829 476 1057 526 presente,
1077 484 1150 512 ma
1167 484 1245 525 per
1266 468 1298 511 il
1320 483 1429 525 peso
1446 469 1718 526 grauissimo
1735 469 1779 512 di
1797 469 1890 513 dar'
1909 477 1955 513 et

320 556 555 591 mantener
579 547 692 590 tanti
710 546 880 591 mastri.
907 548 965 589 Et
986 561 1078 589 non
1101 545 1131 588 li
1160 546 1338 590 auendo
1362 546 1408 588 in
1437 548 1598 599 Roma,
1623 554 1669 590 et
1691 546 1954 590 trouandosi

321 626 466 668 anche
483 625 525 667 la
547 623 751 680 superior
772 623 1017 668 Germania
1039 637 1151 678 poco
1172 622 1350 677 fornita‚
1372 637 1476 678 pare
1494 637 1600 666 cosa
1617 625 1754 667 molto
1773 623 1953 666 difficile

321 718 348 746 o
370 717 480 746 cosa
499 701 753 757 imposibile
775 701 820 744 di
844 701 924 744 far'
965 701 1026 743 tal
1049 699 1309 756 prouisione
1346 700 1451 756 qual
1487 700 1725 745 conuiene.
1753 702 1809 744 Et
1846 701 1955 757 pero

321 780 360 823 si
384 780 532 823 scriue
561 780 601 822 al
633 781 684 822 Ρ.
725 777 923 830 Canisio‚
964 776 1253 820 mandandoli
1282 778 1473 833 qualche
1504 777 1794 821 instruttione
1831 777 1955 822 accio

323 857 504 914 procuri
527 858 611 900 che
635 856 665 898 il
687 870 885 899 vescouo
907 855 945 898 si
967 854 1170 899 contenti
1192 869 1279 897 con
1299 855 1442 897 hauer
1463 855 1506 897 al
1528 862 1737 911 presente
1766 862 1892 911 parte
1913 854 1958 898 di

324 935 474 990 quello
491 936 576 977 che
592 933 654 976 lui
673 933 858 977 ricerca.
886 934 942 975 Et
959 947 1008 976 se
1027 931 1158 975 uorra
1181 946 1273 974 non
1290 931 1328 974 si
1347 931 1524 988 obligar
1540 947 1566 975 a
1588 933 1693 988 quel
1711 938 1959 989 augmento

323 1026 403 1069 per
425 1012 600 1063 adesso,
627 1026 674 1054 se
693 1010 901 1066 reputata
920 1023 1080 1052 manco
1097 1008 1466 1062 inconueniente‚
1487 1011 1572 1054 che
1594 1009 1782 1052 mandar
1798 1009 1959 1053 adesso

325 1088 439 1132 tanti
460 1088 615 1131 mastri
643 1090 669 1130 ¹.
697 1087 754 1131 Di
778 1102 867 1142 qua
889 1088 1016 1143 potra
1038 1087 1095 1130 V.
1117 1087 1171 1129 R.
1197 1086 1364 1130 uedere
1382 1101 1509 1130 come
1531 1086 1715 1143 giudico
1737 1086 1774 1129 si
1797 1086 1960 1130 debbia

325 1167 584 1224 procedere,
618 1165 753 1208 etiam
781 1165 827 1207 in
856 1165 969 1209 altre
1005 1177 1159 1208 nuoue
1195 1163 1464 1217 fundationi,
1505 1171 1550 1209 et
1588 1165 1725 1209 credo
1753 1180 1778 1207 a
1808 1164 1956 1220 quest’

324 1246 436 1288 hora
457 1245 625 1286 hauera
642 1243 846 1285 riceuuta
867 1242 910 1285 la
931 1242 1075 1284 forma
1097 1243 1180 1284 che
1202 1255 1291 1297 qua
1319 1240 1578 1297 giudicamo
1606 1241 1643 1284 si
1669 1241 1832 1284 debbia
1855 1256 1958 1298 pra-

326 1321 478 1364 ticare.
516 1323 602 1365 Del
638 1321 839 1364 mandar’
885 1319 915 1361 il
949 1319 1163 1374 theologo
1200 1325 1247 1361 et
1268 1319 1549 1375 philosopho
1586 1333 1665 1374 per
1704 1318 1955 1375 Herbipoli,

327 1399 508 1454 quando
523 1398 560 1441 si
580 1399 694 1442 ueda
710 1398 753 1440 la
770 1396 1005 1441 risolution
1022 1397 1109 1440 che
1125 1396 1163 1439 si
1181 1396 1320 1453 piglia
1342 1396 1388 1438 in
1411 1403 1572 1452 questo
1593 1398 1677 1439 che
1701 1397 1761 1438 ho
1784 1396 1957 1448 scritto,

330 1475 367 1518 si
389 1475 516 1531 potra
537 1475 752 1518 risoluere
770 1489 819 1519 se
840 1475 885 1517 10
903 1480 1107 1530 potremo
1131 1474 1240 1526 fare,
1261 1473 1633 1517 considerandolo
1651 1473 1725 1528 piu
1743 1474 1786 1515 d’
1808 1487 1962 1529 apres-

326 1566 392 1596 so.
415 1553 473 1595 Et
495 1550 800 1596 accettandosi
828 1550 859 1593 il
896 1550 1092 1606 collegio
1115 1550 1173 1594 de
1195 1549 1447 1605 Herbipoli,
1473 1565 1499 1592 a
1527 1551 1584 1593 V.
1612 1551 1664 1592 R.
1693 1551 1751 1592 ho
1774 1549 1962 1593 rimesso

329 1644 378 1673 se
399 1630 443 1672 lo
465 1628 629 1672 debbia
661 1635 852 1672 mettere
874 1628 993 1672 nella
1021 1626 1248 1683 prouintia
1274 1627 1347 1670 del
1369 1628 1544 1678 Rheno,
1572 1641 1598 1669 o
1621 1627 1737 1669 della
1760 1626 1964 1682 superior

328 1705 590 1759 Germania,
607 1713 651 1749 et
670 1705 764 1748 cosi
782 1706 826 1748 lo
844 1703 986 1747 saccio
1003 1703 1047 1746 di
1065 1719 1234 1748 nuouo.
1252 1705 1372 1747 Vero
1391 1704 1413 1747 ὲ
1427 1706 1527 1756 che,
1543 1704 1739 1747 secondo
1756 1704 1786 1746 il
1807 1706 1856 1747 P.
1872 1704 1964 1747 Ca-

329 1783 460 1836 nisio,
485 1790 555 1826 sta
577 1783 716 1825 molto
738 1781 986 1838 bisognosa
1008 1781 1053 1823 di
1075 1788 1214 1837 gente
1236 1782 1384 1836 quella
1405 1796 1487 1824 sua
1510 1781 1736 1837 prouintia
1758 1782 1788 1824 ⁶².
1892 1772 1896 1776 ⁵

421 1872 462 1915 5.
528 1859 574 1905 S'
599 1860 621 1903 ὲ
639 1859 809 1902 intesso
831 1860 976 1902 anche
1005 1859 1154 1914 quello
1176 1861 1261 1903 che
1277 1858 1426 1902 scriue
1453 1860 1510 1902 V.
1537 1860 1590 1902 R.
1618 1859 1690 1902 del
1717 1860 1769 1901 Ρ.
1801 1858 1961 1902 Oliue-

330 1938 397 1981 rio
435 1939 467 1991 ³,
507 1938 549 1981 al
587 1937 692 1992 qual
729 1935 935 1979 desidero
972 1936 1065 1979 dar'
1105 1935 1244 1988 aiuto,
1276 1942 1322 1978 et
1358 1935 1495 1991 glielo
1532 1936 1656 1987 daro,
1697 1936 1916 1992 piacendo
1938 1951 1963 1978 a

331 2014 473 2067 Iddio,
499 2029 578 2071 per
616 2013 860 2057 cominciar
890 2013 921 2055 il
943 2027 1089 2065 corso,
1121 2019 1167 2056 et
1195 2013 1420 2068 qualcuno
1458 2027 1536 2069 per
1559 2012 1709 2070 aiutar
1731 2012 1760 2055 li
1789 2012 1963 2068 nouitij.

334 2094 422 2136 Per
445 2098 584 2135 rettor
606 2091 650 2133 di
669 2092 854 2134 Morach
882 2098 903 2118 a
929 2098 974 2134 et
1004 2089 1103 2133 altri
1132 2089 1328 2147 bisogni,
1354 2105 1446 2133 non
1473 2105 1524 2133 so
1553 2091 1702 2145 quello
1725 2092 1808 2133 che
1837 2092 1966 2145 potro

405 2222 425 2242 a
464 2214 544 2260 Sic,
565 2225 632 2260 pro
653 2214 857 2250 Maztriac.

406 2314 415 2334 ¹
470 2313 571 2349 Vide
590 2314 756 2360 append.
778 2314 878 2349 LIV.

405 2377 418 2394 ²¹
470 2374 528 2408 En
547 2373 695 2409 Canisii
713 2374 760 2409 de
780 2375 852 2409 hoc
871 2374 1030 2420 negotio
1049 2374 1259 2420 sententia,
1279 2374 1457 2421 Borgiae,
1477 2383 1518 2410 21
1539 2375 1631 2421 Maji
1649 2375 1752 2420 1567,
1771 2373 1969 2410 transmis-

335 2443 396 2468 sa:
419 2432 559 2478 «Quod
576 2432 623 2467 ad
642 2432 850 2478 collegium
868 2433 1140 2480 herbipolense
1159 2438 1325 2480 spectat,
1345 2435 1460 2469 Pater
1483 2433 1730 2480 provincialis
1749 2433 1875 2469 Rheni
1893 2444 1968 2468 una

337 2503 489 2527 mecum
516 2497 696 2537 expectat
721 2492 895 2527 ultimam
921 2493 964 2527 Ρ.
991 2493 1037 2527 Τ.
1065 2493 1312 2528 sententiam.
1343 2494 1391 2528 Et
1415 2493 1626 2540 prudenter
1650 2493 1807 2528 tandem
1831 2492 1968 2528 statuit

336 2552 380 2586 P.
401 2551 564 2594 Natalis,
584 2556 626 2586 ut
645 2551 677 2585 si
691 2551 898 2596 collegium
912 2553 1000 2598 hoc,
1015 2552 1130 2588 sicuti
1145 2564 1360 2599 speramus,
1380 2552 1608 2599 erigendum
1623 2551 1688 2598 sit,
1703 2564 1779 2588 non
1793 2558 1967 2588 nostrum

336 2610 406 2646 sed
424 2610 627 2645 rhenensis
647 2609 884 2656 provinciae,
900 2623 999 2657 quae
1014 2611 1177 2647 vicinior
1191 2617 1231 2647 et
1246 2611 1422 2654 fertilior,
1439 2624 1482 2647 ac
1498 2612 1621 2648 modis
1636 2612 1815 2648 omnibus
1830 2612 1970 2647 instru-

336 2669 435 2706 ctior
453 2680 540 2704 esse
559 2669 726 2715 videtur,
749 2669 843 2704 illud
863 2670 989 2716 ipsum
1008 2671 1253 2717 adjungatur.
1281 2673 1416 2719 Itaque
1441 2672 1597 2719 scripsit
1615 2672 1663 2707 ad
1681 2684 1742 2707 me
1765 2671 1868 2707 idem
1886 2681 1971 2718 pro-

336 2727 531 2774 vincialis,
551 2728 584 2763 si
604 2727 721 2763 velim
741 2733 780 2763 et
800 2728 855 2763 sic
870 2728 1041 2774 judicem
1067 2731 1293 2777 convenire,
1319 2736 1590 2777 suscepturum
1615 2743 1657 2766 se
1681 2743 1792 2775 onus,
1817 2742 1894 2766 non
1912 2742 1971 2766 so-

337 2788 417 2823 lum
447 2787 649 2834 spirensis,
675 2786 745 2822 sed
770 2787 887 2822 etiam
912 2788 1197 2834 herbipolensis
1222 2790 1394 2836 collegii,
1419 2791 1491 2826 hoc
1515 2801 1616 2826 anno
1640 2790 1859 2834 inchoandi,
1883 2801 1971 2825 cum

336 2847 516 2882 annuerit
536 2852 685 2882 tantum
701 2847 743 2880 P.
765 2846 828 2891 T.,
847 2858 961 2893 quam
981 2858 1094 2893 spero
1113 2847 1225 2883 facile
1240 2860 1517 2885 consensuram
1536 2861 1637 2885 esse.
1656 2850 1738 2885 Nec
1756 2859 1821 2884 ero
1838 2848 1974 2884 diffiei-

336 2906 386 2942 lis
410 2906 449 2941 in
476 2917 552 2941 uno
577 2911 693 2952 atque
717 2907 839 2941 altero
866 2905 982 2940 etiam
1006 2906 1225 2952 professore
1251 2908 1305 2943 illi
1330 2909 1547 2944 donando.»
1573 2910 1631 2944 Ex
1657 2909 1909 2956 autographo,
1934 2907 1973 2943 in

338 2965 466 3011 Epist.
491 2964 660 3006 Canz'sz'i,
680 2965 732 3010 II,
751 2976 788 2999 n.
815 2972 892 3009 195.

408 3025 422 3043 ³
471 3024 690 3067 Manareus,
711 3023 961 3069 provincialis
981 3023 1187 3060 Franciae.
