2141 3358
368 208 468 235 XXIV
797 198 1051 233 PROOEMIUM
1077 203 1218 232 TERTH
1243 203 1477 233 VOLUMINIS

322 307 414 344 tam
436 301 542 344 boni
565 300 710 344 Patris
733 299 841 342 satis
864 299 961 341 sine
981 298 1160 351 litteris,
1186 297 1434 353 unicuique
1460 305 1664 343 uestrum
1689 299 1825 343 debet
1856 314 1957 346 esse

321 385 648 427 commendata.
675 384 744 426 Ac
768 388 1004 438 propterea
1026 395 1130 424 eum
1153 382 1208 425 T.
1233 383 1334 425 Rlae
1361 396 1451 425 non
1475 383 1592 425 duco
1616 376 1715 426 esse
1738 396 1956 426 necessa-

321 467 437 509 rium
462 475 510 509 ut
531 466 861 518 commendem,
887 464 990 517 nisi,
1018 465 1139 520 quod
1163 464 1271 507 mihi
1294 465 1379 509 erit
1410 480 1544 521 quam
1574 464 1882 521 gratissimum
1905 466 1954 509 in

320 551 515 594 Domino
540 557 587 592 ut
610 548 832 605 intelligat
855 564 910 592 ex
933 555 1191 591 nostrorum
1214 564 1324 605 erga
1346 549 1472 592 illum
1497 549 1753 593 reuerentia
1776 557 1820 593 et
1843 551 1953 593 cha-

321 633 454 677 ritate
491 640 766 689 quantopere
803 632 929 674 illum
963 646 1124 684 amem,
1151 647 1203 675 ac
1233 647 1342 676 uero
1371 647 1523 676 amare
1552 633 1748 676 debeant
1780 632 1949 675 nostri»

323 716 455 773 (819).
482 717 576 760 Nec
600 717 745 759 solum
767 715 918 759 verbis
948 722 993 759 et
1023 715 1403 758 commendatitiis
1432 716 1608 768 litteris,
1641 717 1720 759 sed
1749 715 1954 772 pecuniis

323 801 380 843 ad
416 815 520 844 eum
558 798 721 852 missis,
754 806 804 841 ut
833 798 971 841 libros
1009 812 1161 842 emere
1199 806 1366 854 posset,
1401 799 1716 842 Mercurianus
1753 814 1956 843 amorem

323 898 456 927 suum
493 882 642 927 Natali
680 882 1007 926 demonstravit
1036 883 1155 939 (694,
1189 883 1307 938 822).
1340 882 1528 927 Socium
1559 882 1761 938 insuper,
1788 882 1865 938 qui
1896 883 1959 925 illi

325 981 455 1023 opem
479 968 614 1011 ferret
642 966 688 1008 in
720 965 1062 1010 meditationum
1091 966 1213 1010 vitae
1242 966 1412 1009 Christi
1444 965 1642 1011 editione
1674 967 1955 1019 adornanda,

324 1065 381 1093 ex
405 1049 564 1106 Belgio
593 1049 736 1093 eidem
767 1049 1038 1092 mittendum
1061 1048 1245 1093 >curavit
1274 1049 1392 1106 (721,
1420 1050 1538 1106 736).
1566 1051 1632 1092 Ex
1662 1050 1803 1093 altera
1831 1056 1958 1105 parte

325 1132 372 1174 in
401 1133 573 1176 Natalis
610 1132 809 1188 epistolis
847 1132 1044 1176 emicant
1080 1132 1251 1177 solidae
1279 1132 1420 1188 ipsius
1453 1133 1659 1185 virtutes,
1691 1132 1955 1189 praesertim

325 1230 433 1259 vero
456 1215 616 1260 eximia
638 1216 710 1259 illa
734 1215 989 1259 obedientia
1012 1222 1057 1258 et
1080 1215 1334 1260 reverentia
1357 1230 1469 1272 erga
1492 1230 1598 1259 suos
1629 1217 1953 1269 moderatores,

327 1313 461 1354 quam
489 1299 536 1342 in
562 1300 718 1342 schola
746 1299 890 1342 sancti
925 1299 1165 1344 Societatis
1199 1299 1470 1363 institutoris
1505 1299 1740 1345 didicerat.
1775 1302 1842 1343 Ex
1871 1302 1958 1342 hac

326 1383 527 1438 perfecta
568 1383 926 1439 obtemperantia
974 1383 1206 1426 oriebatur
1248 1383 1323 1426 illa
1363 1383 1502 1427 animi
1549 1383 1860 1440 promptitudo
1903 1384 1961 1426 ad

327 1467 639 1522 amplectenda
661 1466 956 1509 libentissime
979 1465 1114 1510 etiam
1136 1466 1226 1519 illa,
1249 1481 1365 1523 quae
1383 1474 1541 1510 contra
1562 1466 1705 1522 ipsius
1723 1465 1961 1509 consilium

328 1550 658 1602 statuebantur,
699 1550 820 1605 quod
858 1550 1009 1594 evenit
1048 1550 1095 1593 in
1133 1549 1322 1606 negotio
1362 1549 1540 1593 comitis
1578 1551 1635 1594 de
1673 1550 1963 1594 Helfenstein

329 1633 446 1689 (677,
472 1634 573 1687 678,
600 1633 716 1689 684).
741 1635 849 1678 Inde
872 1634 946 1677 illa
968 1641 1187 1690 perpetua
1203 1649 1291 1691 pax
1309 1641 1354 1679 et
1372 1634 1623 1677 consolatio
1646 1633 1848 1690 spiritus,
1870 1649 1961 1690 qua

331 1729 464 1771 saepe
487 1716 531 1758 in
554 1715 647 1759 suis
669 1716 830 1761 litteris
858 1731 906 1760 se
936 1717 1023 1760 frui
1052 1724 1243 1761 testatur
1273 1718 1391 1774 (695,
1424 1728 1526 1771 704,
1560 1728 1664 1775 709,
1696 1717 1798 1771 716,
1833 1718 1969 1773 etc.).·

331 1798 484 1842 Animi
506 1800 716 1844 demissio
738 1815 818 1843 seu
842 1802 1061 1846 modestia
1083 1802 1128 1846 in
1153 1802 1364 1845 omnibus
1388 1803 1480 1847 fere
1503 1802 1705 1858 epistolis
1732 1802 1960 1859 conspici-

331 1889 420 1936 tur,
441 1897 543 1926 cum
567 1884 824 1928 omnimoda
846 1886 1011 1929 fiducia
1033 1886 1079 1929 in
1101 1886 1253 1929 divina
1276 1886 1562 1943 providentia
1591 1893 1636 1929 et
1653 1886 1872 1931 bonitate.
1894 1888 1962 1929 Ex

331 1966 455 2010 hisce
472 1966 713 2011 virtutibus
736 1976 896 2025 sponte
919 1977 1196 2014 enascuntur
1226 1970 1329 2015 illae
1351 1972 1540 2028 phrases
1570 1970 1964 2033 frequentissimae

330 2048 377 2091 in
395 2050 567 2093 Natalis
590 2052 760 2094 calamo
788 2054 878 2097 «Su
901 2053 1055 2097 diuina
1080 2054 1189 2099 Mta.
1217 2054 1279 2097 mi
1308 2061 1411 2099 tene
1440 2036 1672 2098 consolato
1702 2053 1773 2096 sin
1803 2053 1966 2098 merito

332 2132 519 2176 nissuno
556 2134 669 2177 mio»
707 2136 837 2193 (679).
883 2137 986 2181 «Sia
1018 2138 1286 2194 ringratiato
1323 2138 1354 2180 il
1385 2138 1575 2194 Signor,
1611 2145 1657 2180 et
1689 2137 1749 2179 mi
1783 2137 1904 2181 tiene
1937 2137 1967 2179 il

332 2215 501 2272 Signor
523 2218 757 2261 consolato
778 2220 916 2262 molto
946 2220 1023 2276 piu
1051 2223 1138 2265 che
1167 2221 1352 2266 merito»
1387 2221 1522 2278 (688).
1550 2219 1738 2264 «Faccia
1762 2222 1819 2265 V.
1844 2221 1898 2265 P.
1922 2227 1969 2263 et

333 2298 394 2340 mi
431 2299 531 2342 dica
558 2300 849 2346 liberamente
882 2305 985 2359 quel
1017 2306 1102 2348 che
1134 2305 1164 2348 li
1193 2319 1315 2362 pare;
1350 2306 1515 2361 perche
1538 2305 1687 2360 quello
1709 2303 1901 2361 pigliaro
1924 2303 1967 2347 io

333 2396 461 2425 come
483 2397 539 2425 ex
562 2397 638 2426 ore
660 2384 852 2428 Christi»
880 2387 1012 2443 (697).
1036 2390 1226 2443 «Itaque
1248 2387 1463 2444 quicquid
1485 2387 1593 2430 mihi
1616 2387 1784 2441 euenit,
1808 2387 1865 2429 ad
1882 2386 1967 2430 Dei

333 2466 661 2522 benignitatem
684 2469 855 2511 refero»
883 2470 1014 2526 (7Ι6).
1046 2473 1202 2514 «Bono
1226 2471 1376 2515 animo
1404 2477 1450 2516 et
1477 2472 1596 2515 laeto
1618 2485 1719 2514 sum
1747 2477 1968 2526 acceptu-

333 2563 411 2592 rus
434 2563 513 2605 per
536 2549 707 2594 Christi
730 2551 921 2606 gratiam
945 2554 1158 2609 quicquid
1187 2570 1265 2611 per
1289 2562 1333 2600 te
1354 2554 1576 2598 Dominus
1600 2554 1646 2596 in
1667 2568 1738 2597 me
1761 2560 1806 2598 et
1828 2553 1873 2596 in
1897 2568 1970 2598 re-

334 2633 437 2684 bus,
463 2634 520 2677 de
543 2633 708 2688 quibus
726 2648 833 2689 ago,
858 2635 1157 2691 disposuerit»
1185 2639 1320 2696 (719).

426 2716 524 2759 Has
560 2715 760 2771 aliasque
798 2717 963 2761 solidas
1000 2721 1175 2763 Natalis
1204 2721 1396 2766 virtutes
1431 2719 1754 2772 consideranti,
1787 2718 1976 2761 minoris

334 2806 460 2844 certe
481 2799 697 2844 momenti
719 2800 995 2844 videbuntur
1016 2803 1223 2847 defectus
1246 2806 1466 2858 nonnulli,
1488 2804 1647 2848 aetatis
1670 2802 1820 2860 potius
1838 2815 1976 2857 quam

333 2896 525 2935 morum,
552 2883 608 2925 ab
630 2897 723 2926 uno
748 2883 818 2926 vel
841 2884 981 2928 altero
1004 2885 1263 2940 provinciae
1286 2888 1560 2932 Germaniae
1583 2889 1718 2930 Patre
1736 2885 1782 2927 in
1806 2899 1859 2929 eo
1884 2898 1970 2927 no-

333 2965 431 3018 tati,
457 2972 503 3010 et
524 2966 601 3022 qui
623 2957 803 3010 aliunde
827 2966 871 3009 in
896 2967 933 3022 ej
943 2982 993 3010 us
1018 2967 1184 3011 ultimis
1207 2970 1406 3026 epistolis
1430 2956 1658 3015 interdum
1677 2966 1974 3025 conspiciun-
