2101 3348
813 225 1036 262 APPEme
1622 224 1691 269 817

106 327 203 371 aliis
236 328 336 370 T.ae
367 328 467 371 Rae
496 325 716 383 collegiis,
743 340 846 370 cum
868 326 952 383 ipsi
975 327 1260 370 commodum
1285 325 1436 379 fuerit,
1461 341 1550 369 non
1580 326 1740 369 dubito

108 386 214 442 quin
238 386 430 429 libenter
451 385 509 429 sit
538 385 852 452 praestiturus,
877 400 1023 442 eaque
1053 387 1106 429 T.
1113 393 1133 413 ²
1181 387 1261 430 R.a
1288 385 1367 438 illi,
1392 400 1495 429 cum
1518 393 1737 441 opportu-

107 460 216 488 num
234 453 312 488 aut
334 444 641 488 necessarium
663 444 947 497 iudicauerit,
974 452 1210 512 proponet;
1237 452 1406 500 tuaque
1427 444 1579 487 omnia
1601 446 1738 489 colle-

108 504 199 561 gia,
225 504 499 559 ubicumque
521 504 561 546 ei
586 504 806 560 placuerit
834 504 1117 557 commorari,
1143 504 1276 560 cupio
1306 512 1356 547 ut
1378 510 1577 560 pateant,
1603 511 1740 558 atque

109 565 221 607 adeo
242 578 268 606 a
296 565 350 607 T.
355 570 376 590 a
402 565 457 607 R.
467 569 489 590 ³
502 570 758 618 ,tanquam
787 563 896 605 mihi
926 563 1026 618 ipsi,
1057 564 1323 608 offerantur.
1355 563 1589 619 Optimum
1619 563 1738 605 enim

109 637 279 675 senem,
305 629 348 666 et
371 629 626 665 nostrarum
651 637 799 666 rerum
824 622 1158 678 peritissimum,
1183 623 1329 666 redire
1351 623 1407 665 ad
1431 636 1528 675 uos,
1549 629 1600 664 ut
1617 623 1738 665 bono

110 681 249 725 omini
271 689 424 725 uestro
447 695 546 725 esse
569 681 702 733 duco,
729 681 792 723 ita
815 696 904 724 non
928 682 1086 724 dubito
1109 681 1216 738 quin
1240 697 1294 726 ex
1323 681 1525 726 eiusdem
1554 681 1737 726 diuinae

106 740 418 798 prouidentiae
436 739 730 795 dispositione
748 740 1000 796 proueniat3
1017 741 1138 796 quia,
1160 741 1352 784 mirabili
1369 741 1503 784 huius
1521 740 1736 796 apostoli-

105 815 184 845 cae
211 799 331 843 sedis
367 799 590 843 beneficio
625 813 738 855 erga
774 800 1083 852 Germaniam,
1125 814 1350 843 summurn
1389 800 1651 856 pontificem
1681 800 1738 843 ad

102 874 344 917 germanos
365 858 589 902 iuuandos
617 858 795 901 induxit
832 861 860 903 ¹.

190 919 327 975 Quod
345 932 454 961 uero
475 918 532 961 ad
549 917 668 960 illius
686 918 835 960 studia
852 917 1063 973 pertinet,
1085 932 1186 960 cum
1205 918 1302 974 ipsa
1319 919 1375 961 ad
1393 917 1496 961 fidei
1514 919 1588 961 uel
1605 917 1736 961 resti—

103 977 338 1031 tutionem,
366 978 438 1021 uel
461 976 834 1033 propagationem
858 977 1007 1020 animo
1030 977 1291 1020 iamdudum
1315 977 1592 1021 conuerterit
1615 978 1647 1028 ²,
1674 976 1736 1020 si-

105 1037 213 1093 quid
235 1038 330 1093 ipse
350 1036 619 1081 indicauerit
637 1036 943 1089 scribendum,
966 1051 1022 1080 ac
1051 1038 1171 1091 quod
1193 1037 1388 1091 denique
1413 1038 1574 1080 edatur
1597 1036 1641 1078 in
1665 1037 1737 1078 lu-

107 1111 222 1149 cem,
248 1097 333 1141 tria
355 1096 488 1152 cupio
509 1095 757 1139 obseruari:
785 1096 1004 1148 Primum,
1031 1103 1080 1138 ut
1108 1097 1165 1140 de
1187 1110 1235 1138 re
1254 1103 1347 1138 tota
1370 1110 1473 1138 cum
1512 1095 1739 1150 aliquibus

107 1157 233 1213 prius
255 1164 432 1212 agatur,
458 1155 631 1199 scilicet
648 1169 752 1198 cum
776 1157 857 1198 T.a
886 1157 968 1199 R.a
986 1189 995 1207 ,
1021 1156 1074 1199 P.
1100 1154 1298 1207 Canisio,
1327 1157 1380 1199 P.
1406 1155 1585 1206 Pisano,
1607 1169 1674 1206 ac,
1700 1154 1738 1197 si

111 1216 353 1267 uidebitur,
379 1216 431 1257 Ρ.
458 1216 646 1258 Peltano
672 1215 743 1259 uel
766 1215 817 1257 P.
845 1214 1073 1266 Torrensi,
1099 1214 1175 1270 qui
1204 1215 1248 1256 in
1275 1214 1362 1257 ista
1391 1213 1622 1269 prouincia
1649 1220 1734 1265 est,

112 1275 188 1331 qui
213 1275 287 1318 ubi
307 1274 584 1330 dispexerint
621 1274 729 1330 quid
750 1273 875 1316 iuxta
913 1274 1056 1316 nostri
1086 1273 1279 1316 instituti
1316 1273 1534 1317 rationem
1559 1272 1740 1328 publico

110 1334 251 1390 possit
279 1334 515 1377 commodo
553 1333 816 1387 conuenire,
843 1341 939 1376 tum
972 1334 1029 1376 ad
1051 1347 1123 1376 me
1147 1345 1324 1377 uestrae
1360 1332 1612 1376 sententiae
1633 1331 1739 1373 mit-

111 1402 278 1445 tantur,
319 1393 500 1449 quibus,
532 1395 631 1436 Deo
668 1393 822 1445 dante,
849 1392 1180 1448 quamprimum
1208 1393 1506 1448 respondebo.
1539 1393 1654 1434 Nam
1683 1391 1739 1433 ad

111 1453 351 1498 Societatis
373 1452 507 1496 etiam
530 1451 797 1508 dignitatem
826 1467 916 1495 non
946 1467 1105 1508 parum
1135 1451 1344 1507 pertinet,
1372 1458 1419 1493 ut
1443 1466 1559 1506 quae
1587 1449 1739 1506 prodi-

111 1520 211 1556 tura
228 1520 334 1556 sunt
351 1511 397 1555 in
413 1513 578 1564 lucem,
600 1527 652 1555 ea
669 1511 1012 1555 meditatissime
1029 1510 1224 1567 primum
1240 1518 1285 1553 et
1302 1518 1478 1553 mature
1496 1511 1740 1552 consulan-

111 1580 200 1625 tur,
219 1579 270 1615 ut
288 1579 505 1627 perpetua
524 1572 705 1614 tandem
727 1571 877 1614 futura
895 1572 999 1614 sint.
1023 1572 1231 1614 Alterum
1250 1577 1333 1621 est,
1354 1577 1405 1611 ut
1423 1568 1638 1625 quicquid
1655 1570 1740 1611 hac

109 1632 166 1675 de
194 1646 242 1675 re
270 1632 498 1687 agendum
522 1638 606 1683 est,
633 1631 764 1686 plane
792 1638 967 1674 secreto
997 1631 1090 1681 fiat,
1123 1637 1173 1671 ut
1202 1644 1258 1672 ne
1282 1630 1461 1683 quando
1484 1628 1737 1683 contingat,

110 1691 230 1747 quod
252 1691 360 1734 alias
383 1689 562 1741 accidit,
591 1697 638 1732 ut
661 1697 882 1744 concepta
904 1704 982 1744 spe
1007 1688 1189 1732 uidendi
1213 1688 1432 1731 eiusmodi
1451 1688 1588 1729 libros
1608 1702 1742 1729 mun-

110 1751 196 1793 dus
213 1750 408 1804 denique
426 1750 684 1800 frustretur,
704 1749 824 1804 quod
843 1749 1024 1799 quidem
1044 1749 1195 1803 plures
1212 1748 1269 1790 ob
1288 1761 1448 1789 causas
1466 1753 1615 1802 potest
1632 1760 1742 1789 eue-

111 1809 224 1852 nire.
247 1809 450 1853 Tertium
468 1816 552 1860 est,
575 1816 623 1851 ut
641 1822 744 1850 cum
762 1823 845 1850 nos
862 1808 1051 1864 primam
1071 1807 1289 1851 rationem
1307 1807 1474 1850 habere
1495 1807 1743 1848 debeamus

113 1883 285 1920 eorum,
307 1868 471 1935 quibus
494 1884 549 1912 ex
566 1867 844 1923 obligatione
861 1868 1155 1924 collegiorum
1174 1866 1488 1908 fundatoribus
1504 1866 1740 1931 debemus,

112 1930 226 1972 haec
244 1928 392 1984 specie
415 1927 547 1971 alieni
570 1934 648 1970 aut
670 1926 837 1982 publici
855 1926 960 1969 boni
980 1941 1035 1969 ne
1058 1926 1416 1968 interturbentur
1434 1931 1512 1967 aut
1528 1923 1743 1967 omittan-

114 1995 202 2032 tur.
229 1989 293 2030 Ita
316 2002 448 2043 spero
477 1987 628 2030 omnia
657 1986 857 2029 suauiter
884 1993 1121 2037 euentura,
1148 1999 1264 2040 quae
1287 1984 1323 2027 si
1362 1983 1423 2026 ita
1447 1981 1741 2038 contigerint,

112 2062 203 2090 non
226 2047 310 2091 erit
332 2048 435 2090 leue
456 2053 777 2103 argumentum
801 2045 981 2088 diuinae
1003 2044 1250 2088 uoluntatis
1268 2045 1384 2086 hanc
1402 2016 1744 2109 dispositionem

113 2106 268 2158 fuisse,
285 2120 399 2160 quae
417 2105 552 2149 etiam
571 2105 695 2160 operi
714 2105 787 2147 isti
805 2120 985 2148 manum
1004 2119 1130 2147 suam
1148 2102 1362 2159 porriget.
1380 2111 1428 2145 ut
1446 2102 1492 2144 in
1510 2101 1579 2144 sui
1599 2100 1742 2143 nomi—

113 2166 183 2209 nis
206 2165 393 2222 gloriam
423 2165 698 2221 perficiatur.
727 2166 867 2207 Porro
896 2166 952 2206 ad
975 2165 1087 2206 haec
1110 2162 1395 2218 praestanda,
1420 2161 1457 2204 si
1482 2175 1571 2216 quo
1594 2160 1745 2203 scriba

115 2226 187 2268 uel
210 2225 414 2268 adiutore
441 2225 595 2280 egebit
624 2224 697 2266 hic
729 2226 880 2275 Pater,
907 2223 1000 2267 scio
1024 2225 1077 2266 T.
1104 2224 1156 2266 R.
1164 2229 1218 2248 ³¹¹²
1255 2222 1389 2278 (quod
1413 2220 1595 2275 quidem
1634 2219 1743 2261 mihi

115 2285 199 2329 erit
236 2285 515 2340 pergratum)
553 2298 642 2326 non
681 2284 961 2334 defuturum,
1002 2282 1383 2338 quemadmodum
1412 2279 1546 2324 etiam
1571 2279 1668 2321 aliis
1698 2278 1742 2320 in

115 2343 340 2395 omnibus,
382 2358 497 2398 quae
524 2344 579 2386 ad
607 2343 726 2385 illius
763 2342 1011 2385 senectutis
1039 2341 1263 2392 solatium,
1291 2347 1336 2384 et
1373 2340 1430 2382 ad
1451 2339 1742 2382 animandum

115 2405 284 2446 bonum
306 2405 429 2445 hunc
459 2403 638 2445 Patrem
662 2402 971 2458 pertinebunt,
1013 2416 1171 2445 reuera
1208 2398 1425 2455 percupio
1449 2405 1498 2440 ut
1528 2413 1552 2440 a
1575 2396 1744 2439 nostris

116 2462 324 2505 omnibus
347 2462 467 2504 hoc
457 2477 602 2517 ipsum
622 2470 823 2506 curetur.
844 2462 981 2527 Quod
999 2462 1055 2503 ad
1071 2460 1169 2504 eius
1192 2459 1408 2502 uiaticum
1432 2457 1608 2507 attinet,
1632 2455 1743 2497 nihil

117 2522 265 2564 oneris
289 2529 466 2565 uestrae
494 2521 753 2577 prouinciae
779 2520 1037 2576 impositum
1062 2527 1145 2572 est,
1179 2518 1360 2561 aliunde
1382 2517 1499 2560 enim
1520 2519 1572 2559 D
1575 2515 1744 2558 )1ninus

116 2580 330 2637 prouidit.
350 2582 441 2625 Sed
464 2582 584 2635 quod
606 2581 660 2623 ad
685 2581 873 2624 aliorum
893 2581 1096 2632 fratrum,
1118 2578 1194 2634 qui
1217 2578 1367 2621 isthuc
1386 2592 1552 2620 uenere
1568 2589 1739 2629 expen

117 2655 189 2683 sas
206 2647 396 2694 spectat,
411 2640 681 2684 secretarius
697 2641 753 2682 ad
771 2654 853 2682 uos
869 2654 969 2683 meo
985 2639 1167 2682 nomine
1182 2637 1364 2690 scribet,
1379 2643 1423 2678 et
1439 2636 1513 2678 illa
1531 2633 1737 2699 pecunia,

117 2714 203 2755 que
233 2699 400 2741 idcirco
430 2706 617 2753 accepta
644 2706 713 2742 est
742 2715 767 2742 a
795 2698 1149 2751 mercatoribus,
1181 2696 1511 2752 quamprimum
1551 2709 1575 2737 a
1614 2692 1744 2735 uobis

116 2759 314 2801 curanda
337 2758 436 2810 erit,
464 2767 512 2801 ut
534 2760 646 2803 fides
673 2766 881 2803 seruetur
912 2759 982 2802 ³...
1011 2760 1195 2808 Romae,
1228 2767 1276 2810 15
1301 2756 1373 2799 die
1397 2753 1581 2810 Aprilis,
1613 2764 1741 2806 1574.

188 2892 195 2910 ¹
248 2888 348 2923 Vide
369 2888 488 2934 epist.
513 2887 599 2933 369;
622 2887 706 2932 384;
725 2887 808 2932 3863
829 2887 912 2933 397;
933 2886 1015 2932 3993
1037 2892 1112 2921 etc.

184 2952 198 2970 2
249 2947 349 2982 Vide
369 2948 486 2994 epist.
513 2947 597 2992 5133
621 2948 705 2993 518,
725 2960 766 2982 n.
793 2956 827 2991 5;
849 2953 888 2982 et
908 2956 993 2991 554.

188 3009 201 3028 ³
251 3007 476 3054 Sequuntur
494 3006 570 3042 alia
589 3007 637 3042 de
662 3007 830 3053 negotiis
849 3006 896 3040 ad
915 3006 1093 3040 Natalem
1113 3015 1189 3038 non
1208 3002 1487 3049 spectantibus.

301 3089 413 3118 Emsr.
434 3089 472 3118 P.
496 3090 628 3123 NADAL,
651 3097 714 3118 1031
748 3089 809 3116 111.
1537 3083 1572 3111 52
