2101 3348
791 197 837 232 26
863 197 1071 235 OCTOBRIS
1101 200 1190 245 1566
1689 210 1760 247 279

934 300 1054 339 malz

617 366 668 408 Ρ.
707 366 1119 411 HIERONYMUS
1153 368 1371 412 NADAL

518 435 759 473 SANCTO
787 436 1132 474 FRANCISCO
1166 439 1240 473 DE
1267 438 1459 485 BORJA

637 504 861 542 MONACHH,
888 497 932 531 26
959 505 1169 532 ocTossms
1197 498 1287 542 1566
1316 501 1342 534 ¹.

173 561 458 608 Respoozsiones
490 561 628 596 Patris
657 561 794 596 Nadal
823 562 941 596 datae
966 563 1133 609 reginae
1153 563 1410 610 Margaritae
1433 566 1480 601 de
1505 563 1749 612 confessario
1773 568 1811 599 et

752 623 754 627 ’
828 622 875 656 de
894 622 1144 657 muneribus.

261 686 290 743 ’ξ-
324 688 455 741 Quae
478 685 591 727 dixit
615 688 667 728 P.
703 686 878 729 Natalis
909 693 928 712 a
956 688 1183 730 secundae
1211 703 1431 743 personae
1460 690 1474 709 ²
1505 689 1562 732 26
1592 689 1809 733 Octobris

175 762 404 807 Monachii
429 763 459 804 ³.

262 839 462 882 Primum
489 838 679 894 agnouit
708 839 856 882 Patris
886 846 930 883 et
960 840 1147 882 fratrum
1178 848 1223 883 et
1253 841 1392 896 ipsius
1425 842 1660 895 beneficia,
1698 850 1806 896 etc.,

171 916 340 972 gratias
359 916 469 973 egit,
491 923 537 958 et
553 915 716 958 obtulit
734 915 974 960 Societatis
991 917 1154 969 officia,
1175 925 1261 961 etc.
1277 918 1455 962 Deinde
1472 919 1584 962 dixit
1601 920 1686 962 sibi
1705 935 1806 976 gra·

173 994 389 1036 tissimam
413 993 552 1037 fuisse
574 993 931 1049 responsionem,
958 1008 1092 1049 quam
1116 994 1213 1049 ipsa
1244 996 1430 1039 dederat
1453 998 1514 1039 M.
1542 997 1748 1041 Hermeti
1771 998 1804 1050 4;

171 1085 226 1114 ex
255 1086 344 1126 qua
372 1070 591 1113 intellexit
615 1070 757 1126 ipsam
786 1072 976 1126 probare
1006 1085 1121 1126 quae
1150 1079 1281 1127 gesta
1313 1079 1442 1114 erant
1472 1072 1719 1128 Oeniponti
1751 1075 1808 1118 de

171 1148 471 1192 confessariis.
493 1148 740 1204 Respondit
758 1148 846 1201 illa,
867 1163 915 1192 se
933 1163 1024 1191 non
1042 1149 1246 1204 probare,
1269 1150 1390 1204 quod
1408 1149 1498 1192 sint
1516 1151 1606 1192 duo
1625 1152 1807 1193 confes—

172 1226 291 1269 sarii.
315 1226 401 1269 Cui
418 1225 629 1281 respondi
651 1240 734 1269 nec
760 1240 830 1268 me
847 1225 956 1268 illud
974 1226 1180 1281 probare3
1202 1241 1293 1268 non
1311 1226 1435 1281 quod
1449 1241 1540 1269 non
1563 1227 1620 1269 sit
1638 1228 1807 1270 bonum

170 1318 270 1346 esse
287 1305 416 1356 duos;
438 1304 516 1345 sed
529 1303 649 1358 quod
667 1303 826 1347 melius
839 1310 958 1347 esset
977 1318 1115 1345 unum
1134 1317 1249 1356 esse,
1271 1311 1316 1346 et
1334 1319 1416 1346 nos
1434 1303 1544 1346 illud
1562 1304 1728 1348 debere
1751 1320 1807 1348 ex

167 1381 390 1432 instituto,
412 1381 532 1435 quod
550 1380 711 1423 melius
728 1387 812 1432 est,
833 1382 1024 1436 probare
1046 1387 1089 1424 et
1113 1395 1369 1436 procurare.
1392 1370 1507 1423 Illud
1525 1395 1597 1423 me
1615 1395 1806 1424 consen—

167 1458 294 1511 sisse,
316 1465 366 1500 ut
389 1464 568 1514 gratum
588 1458 780 1500 facerem
802 1465 891 1500 tam
910 1458 1078 1511 multis,
1100 1458 1176 1512 qui
1199 1459 1319 1513 apud
1339 1474 1409 1502 me
1427 1458 1538 1501 illud
1555 1459 1806 1501 contende—

167 1542 268 1579 rent
290 1542 377 1579 etC.
406 1536 521 1578 Cum
548 1534 778 1578 uideretur
799 1549 976 1590 urgere,
999 1542 1048 1577 ut
1065 1535 1222 1578 saltem
1241 1536 1297 1578 ad
1314 1534 1551 1578 dimidium
1572 1536 1645 1578 uel
1664 1550 1804 1578 unum

168 1627 335 1656 annum
359 1612 558 1656 redirent
580 1613 637 1654 ad
660 1627 818 1665 unum;
846 1612 1071 1668 respondi,
1098 1627 1170 1655 me
1193 1627 1284 1655 non
1301 1627 1437 1668 posse
1454 1612 1564 1655 illud
1582 1612 1801 1667 polliceri.

170 1691 307 1746 Quod
330 1689 491 1733 attinet
519 1691 575 1731 ad
604 1689 688 1732 tria
716 1689 790 1732 illa
818 1689 980 1745 capita:
1018 1689 1220 1732 Primum
1244 1690 1299 1732 de
1332 1688 1548 1732 crucifixo
1585 1689 1801 1745 pretioso,

171 1768 292 1822 quod
314 1766 627 1809 aestimaretur
651 1777 735 1821 500
761 1767 832 1809 uel
854 1780 941 1820 400
963 1766 1205 1819 coronatis;
1233 1768 1300 1809 2.⁰
1319 1767 1375 1810 de
1397 1765 1543 1818 donis,
1565 1781 1682 1821 quae
1701 1766 1808 1808 mit-

172 1852 267 1888 tere
288 1845 493 1886 solebant
516 1845 571 1886 ad
594 1844 786 1900 collegia
813 1851 984 1897 nostra,
1010 1851 1187 1900 praeter
1221 1845 1440 1888 ferculum
1473 1850 1519 1886 et
1551 1843 1806 1887 subsidium

170 1921 449 1963 infirmorum
474 1936 554 1976 pro
578 1921 769 1977 collegio
797 1921 1116 1977 oenipontano3
1152 1921 1213 1976 3.⁰
1243 1937 1299 1964 an
1330 1921 1375 1963 in
1404 1936 1558 1965 earum
1596 1921 1804 1977 peregri—

168 1998 427 2041 nationibus
449 1999 666 2042 deberent
689 1998 951 2042 confessarii
974 1998 1073 2041 illas
1094 1998 1314 2041 comitari:
1336 1998 1564 2054 respondi,
1585 1999 1642 2040 de
1660 1998 1713 2040 iis
1731 2013 1805 2041 re-

167 2076 253 2118 bus
275 2076 624 2131 exspectandam
648 2090 748 2119 esse
764 2075 1035 2119 sententiam
1055 2075 1202 2118 Patris
1225 2075 1466 2131 generalis,
1489 2076 1546 2117 ad
1562 2089 1697 2130 quem
1716 2074 1804 2117 iam

167 2153 224 2196 de
245 2152 330 2195 illis
352 2152 568 2208 scriptum
593 2160 676 2196 est.
704 2154 1010 2196 Vehementer
1036 2161 1184 2196 tamen
1208 2152 1282 2196 illa
1305 2152 1509 2208 negauit,
1533 2151 1646 2195 tanti
1669 2152 1805 2195 aesti-

169 2230 383 2272 mandum
420 2230 702 2273 crucifixum.
738 2232 978 2274 Praeterea
1007 2230 1218 2286 respondi
1247 2231 1303 2275 de
1336 2229 1630 2282 confessario,
1673 2244 1806 2284 quem

169 2307 242 2350 hic
260 2308 365 2359 ,uult
386 2308 570 2351 habere:
602 2322 703 2350 cum
734 2308 873 2350 sciam
903 2308 1044 2364 ipsam
1074 2307 1203 2352 breui
1234 2310 1537 2364 profecturam
1572 2307 1808 2363 Oenipon-

172 2392 283 2437 turn,
309 2400 382 2429 me
410 2386 679 2439 concedere,
710 2394 760 2428 ut
794 2400 935 2428 unum
966 2401 991 2430 e
1019 2386 1185 2428 nostris
1213 2387 1302 2428 hoc
1335 2386 1434 2428 loco
1467 2385 1609 2441 possit
1640 2385 1808 2427 habere

171 2462 344 2506 interea
365 2462 705 2506 confessarium.
732 2465 801 2506 De
830 2463 971 2507 calice
994 2471 1039 2507 et
1061 2463 1225 2519 pixide,
1252 2463 1329 2505 ubi
1354 2462 1477 2506 uaria
1498 2462 1650 2506 altaris
1672 2477 1805 2504 orna—

241 2607 261 2627 a
299 2609 320 2634 2
338 2601 459 2634 verba
478 2611 591 2647 seqq.
616 2605 706 2635 sunt
725 2599 869 2635 librarii
890 2612 1006 2635 manu
1024 2599 1186 2646 scripta.

235 2718 245 2738 ¹
298 2719 354 2753 Ex
386 2720 624 2765 apographo,
657 2719 809 2754 Natalis
837 2718 948 2765 jussu
983 2718 1145 2764 scripto,
1162 2723 1202 2753 et
1232 2718 1281 2753 ab
1309 2717 1393 2764 ipso
1418 2718 1579 2753 Romam
1607 2716 1741 2760 misso,
1765 2716 1803 2750 in

166 2778 300 2824 Epist.
325 2778 480 2823 Natal„
499 2779 551 2824 Π,
570 2778 685 2813 unico
703 2778 794 2823 fol.,
817 2787 883 2824 192
905 2778 1023 2823 (146).

237 2840 250 2859 ²³
303 2838 368 2873 Sc.
394 2837 552 2883 reginae
571 2838 823 2883 Margaritae.
847 2837 948 2872 Vide
971 2837 1092 2884 epist.
1114 2841 1360 2883 sequentem,
1376 2842 1415 2872 et
1433 2847 1562 2882 supra,
1582 2834 1698 2881 epist.
1720 2833 1804 2878 376>

167 2908 211 2932 n.
234 2896 269 2941 33
290 2896 373 2944 390,
394 2909 431 2932 n.
453 2897 487 2941 83
507 2896 591 2942 4393
612 2902 651 2932 et
668 2907 751 2942 444,
772 2909 810 2935 n.
834 2906 868 2932 1.

240 2957 254 2976 ³
304 2957 379 2992 Hic
396 2956 533 2992 titulus
552 2957 605 2992 ita
623 2956 662 2991 in
681 2957 904 3003 apographo
922 2956 1134 3003 reperitur.

238 3015 253 3035 ⁴
303 3016 350 3051 P.
375 3017 541 3051 Hermes
561 3016 783 3062 Halpawer,
804 3016 870 3062 qui
890 3015 1126 3061 Margaritae
1145 3027 1165 3050 a
1183 3014 1495 3050 confessionibus
1513 3017 1612 3047 erat.
