2101 3348
432 293 497 330 724
944 283 1080 318 EPIST.
1109 282 1151 316 P.
1182 282 1452 328 NADAL—607

377 402 522 444 gnore
545 386 619 442 gie}
645 399 702 428 ne
723 385 863 428 siamo
887 384 1014 441 quasi
1037 385 1109 427 del
1132 391 1250 428 tutto
1272 384 1417 437 liberi,
1443 386 1606 442 perche
1623 381 1880 430 'auanthieri
1901 401 2010 442 par-

376 465 525 507 tirono
550 463 655 520 quei
676 463 722 505 di
745 464 930 519 Spanna
952 469 997 505 et
1020 463 1298 519 Portogallo,
1324 470 1369 507 et
1391 478 1483 507 non
1505 471 1626 508 resta
1649 463 1725 519 qui
1747 464 1819 506 del
1840 465 1892 506 P.
1921 463 2004 507 Vi-

375 541 516 584 ctoria
543 543 572 595 ¹,
598 546 890 597 procuratore
912 539 957 582 di
984 539 1162 596 Napoli‚
1194 540 1224 581 il
1257 540 1389 594 quale
1421 540 1635 583 domanni
1673 555 1720 583 se
1752 556 1810 584 ne
1840 556 1912 584 va.
1949 540 2002 585 S}

372 634 462 674 que
495 626 514 645 a
541 619 599 662 V.
631 619 683 660 R.
713 618 769 660 da
792 617 868 673 qui
898 616 1047 660 inanzi
1083 617 1209 673 potra
1248 617 1446 662 scriuere
1481 617 1824 671 distesamente,
1864 633 2001 662 senza

374 695 569 751 pericolo
592 695 636 737 di
659 693 1000 748 scommodarci,
1027 694 1237 737 massime
1265 696 1456 738 essendo
1477 695 1519 738 le
1541 710 1621 738 sue
1643 695 1803 739 lettere
1823 709 2000 750 sempre

375 773 452 816 tali
480 774 564 816 che
591 772 636 814 in
667 771 965 828 qualsivoglia
995 778 1143 827 tempo
1172 771 1212 814 ci
1241 786 1355 815 sono
1384 772 1655 828 gratissime.
1697 773 1871 828 Impero
1909 787 2000 815 non

372 853 408 893 s’
435 849 632 893 affatichi
655 864 733 905 per
755 848 1005 891 consolarci
1028 863 1114 891 con
1137 848 1416 905 pregiudicio
1438 849 1483 892 di
1511 864 1593 892 sua
1621 849 1784 893 sanita.
1817 851 2004 905 Quanto

372 942 394 970 3
419 927 510 979 noi,
536 927 678 969 siamo
702 926 799 969 sani
820 940 899 982 per
921 926 1067 982 gratia
1095 926 1140 968 di
1171 926 1274 979 Dio,
1311 927 1366 970 ne
1394 927 1450 970 de
1479 926 1759 982 procuratori
1790 926 2004 970 hauiamo

371 1011 534 1061 saputo
558 1005 688 1057 altro,
713 1010 901 1059 eccepto
924 1005 1008 1046 che
1030 1003 1061 1066 il
1091 1005 1143 1046 P.
1176 1003 1341 1056 Vinck,
1375 1018 1504 1047 come
1537 1005 1594 1047 V.
1632 1005 1683 1047 R.
1726 1004 1801 1060 gia
1832 1003 2002 1047 hauera

371 1089 548 1138 saputo,
576 1082 597 1124 ὲ
622 1082 787 1123 andato
814 1079 885 1123 all'
909 1081 1020 1123 altra
1050 1080 1158 1124 vita.
1191 1082 1256 1124 La
1283 1089 1410 1137 peste
1438 1095 1590 1124 cresce
1619 1081 1665 1123 in
1694 1081 1924 1137 Vineggia
1955 1088 2000 1125 et

372 1159 542 1211 Padoa,
568 1158 614 1200 di
636 1158 771 1201 modo
793 1159 878 1200 che
900 1157 913 1199 i
936 1157 1077 1200 nostri
1106 1172 1217 1200 sono
1246 1158 1350 1200 stati
1379 1158 1585 1202 costretti
1614 1157 1804 1210 vscirne‚
1839 1165 1884 1202 et
1914 1159 1998 1202 ha·

369 1235 512 1278 bitare
535 1235 581 1277 in
604 1235 722 1286 ville,
748 1234 912 1278 eccetti
933 1234 947 1276 i
971 1234 1161 1290 operarii
1189 1234 1445 1279 necessarii.
1472 1237 1522 1278 In
1543 1235 1695 1280 Sicilia
1717 1235 1754 1278 si
1777 1236 1822 1277 di
1844 1236 1928 1279 che
1957 1236 1998 1278 al

370 1312 596 1355 contrario
617 1312 654 1354 si
677 1311 936 1365 sminuisce,
962 1311 1007 1354 di
1036 1313 1169 1354 modo
1192 1313 1276 1356 che
1305 1312 1527 1368 speriamo
1557 1314 1642 1355 che
1665 1312 1695 1354 il
1718 1314 1769 1355 P.
1798 1313 2004 1355 Polanco

368 1397 521 1445 presto
543 1389 672 1432 verra
696 1389 738 1431 13
761 1390 884 1431 volta
911 1389 956 1430 d’
980 1388 1120 1432 Italia.
1149 1390 1197 1431 In
1221 1389 1389 1432 Milano
1412 1403 1524 1432 sono
1546 1390 1709 1432 alcune
1732 1403 1835 1432 case
1863 1388 2000 1432 infet-

370 1474 429 1510 te.
457 1466 550 1521 Qui
572 1481 651 1522 per
674 1467 715 1508 la
737 1465 827 1508 Dio
851 1465 997 1522 gratia
1024 1481 1115 1508 non
1146 1467 1167 1508 ὲ
1203 1466 1398 1510 arriuata
1430 1481 1595 1509 ancora
1633 1467 1675 1509 la
1706 1466 1996 1522 contagione3

369 1544 643 1586 nondimeno
665 1542 702 1585 si
726 1550 844 1586 teme
867 1543 1022 1596 molto,
1049 1552 1091 1587 et
1115 1543 1152 1585 si
1175 1544 1219 1586 fa
1242 1543 1544 1599 grandissima
1565 1543 1767 1599 guardia.
1792 1544 1895 1585 Fiat
1924 1558 2000 1585 vo—

370 1621 521 1662 luntas
552 1620 744 1662 Domini
772 1619 818 1661 in
850 1626 969 1662 tutto
997 1627 1042 1662 et
1071 1634 1150 1675 per
1180 1626 1314 1672 tutto,
1346 1627 1390 1663 et
1428 1620 1501 1663 cui
1529 1620 1684 1663 diuina
1712 1623 1822 1664 Mta.
1857 1635 2006 1676 prego

368 1697 606 1740 continuas
628 1712 653 1739 a
676 1698 732 1740 V.
759 1698 812 1739 R.
839 1696 881 1740 13
910 1712 992 1739 sua
1023 1704 1151 1740 santa
1180 1697 1326 1753 gratia
1357 1704 1402 1741 et
1435 1696 1541 1740 doni
1573 1697 1744 1751 celesti,
1779 1713 1808 1753 y
1837 1697 1896 1740 mi
1922 1712 1997 1749 *ra—

370 1775 653 1826 commando,
680 1782 768 1818 etc.
795 1773 853 1816 Di
877 1775 1034 1826 Roma,
1060 1789 1085 1816 a
1109 1786 1162 1816 22
1186 1773 1229 1816 di
1255 1774 1361 1828 7.bre
1395 1775 1520 1829 1576.

1134 1904 1254 1944 (30⁷

816 1990 867 2031 Ρ.
896 1989 1305 2033 HIERONYMUS
1338 1990 1554 2032 NADAL
1630 2034 1634 2037 .

684 2077 868 2112 PATRI
907 2077 1238 2115 EVERARDO
1277 2077 1684 2115 MERCURIANO

862 2164 1019 2200 HALAE,
1040 2164 1083 2200 27
1102 2164 1359 2191 SEPTEMBms
1381 2155 1471 2200 1576
1488 2158 1516 2190 ‘-'.

729 2233 790 2267 De
808 2233 1069 2280 imaginibus,
1089 2233 1428 2275 annotationibus,
1448 2234 1549 2268 socio
1567 2236 1637 2269 etc.

460 2316 488 2371 †
523 2315 663 2358 Molto
692 2317 805 2359 Rdo.
841 2319 888 2359 P.
926 2318 983 2360 N.
1016 2317 1061 2359 in
1094 2316 1178 2359 Χ.0
1209 2319 1304 2360 Pax
1340 2315 1416 2360 X.i
1443 2318 1507 2360 La
1533 2316 1780 2373 penultima
1817 2318 1900 2359 che
1938 2318 2002 2359 ho-

369 2392 414 2434 di
437 2393 493 2435 V.
523 2394 574 2435 P.
601 2394 622 2435 ἐ
646 2393 690 2435 di
713 2409 740 2451 9
762 2394 807 2436 di
829 2394 972 2447 Iunio3
992 2395 1035 2438 la
1052 2394 1208 2437 vltima
1224 2396 1279 2437 de
1298 2407 1353 2437 20
1375 2394 1420 2436 di
1437 2395 1631 2450 Agosto,
1653 2395 1769 2438 nella
1786 2395 1918 2449 quale
1934 2394 1994 2436 mi

369 2468 468 2512 dice
490 2469 694 2513 hauermi
717 2471 854 2514 scrito
877 2472 932 2515 de
955 2472 1066 2515 altre
1089 2486 1193 2514 cose
1214 2485 1327 2527 poco
1350 2471 1518 2513 auanti:
1541 2478 1700 2526 questa
1722 2472 1881 2514 lettera
1903 2485 1993 2513 non

368 2547 427 2588 ho
450 2554 707 2590 resceuuta.
740 2549 871 2591 Nella
893 2548 936 2590 di
962 2561 1032 2601 20,
1059 2548 1174 2591 vista
1197 2549 1239 2591 la
1267 2549 1457 2591 volunta
1480 2548 1523 2590 di
1553 2550 1608 2591 V.
1637 2549 1709 2600 P.‚
1735 2549 1796 2590 ho
1825 2549 1928 2590 date
1950 2549 1997 2591 le-

366 2622 567 2679 imagini,
596 2624 874 2667 annotationi
897 2632 941 2668 et
964 2625 1243 2668 meditationi
1271 2626 1312 2667 al
1342 2627 1394 2668 P.
1421 2624 1649 2669 Florentio
1673 2626 1705 2668 ³.
1732 2626 1836 2668 Non
1858 2625 1993 2667 dubi,-

438 2768 458 2787 a
499 2760 579 2805 Sic,
600 2772 667 2807 pro
686 2762 764 2796 che.

439 2863 446 2882 ¹
502 2863 672 2908 Joannes
690 2862 874 2907 Victoria,
893 2862 1004 2909 cujus
1030 2863 1213 2910 frequens
1239 2863 1385 2898 mentio
1409 2863 1510 2899 facta
1532 2869 1592 2899 est
1617 2864 1656 2899 in
1682 2864 1758 2899 vol.
1788 2864 1838 2898 11.
1864 2864 1996 2910 Epist.

368 2922 506 2957 Natal.
1969 2929 1974 2934 ’

435 2984 449 3004 2
499 2982 557 3016 Ex
582 2982 834 3028 autographo,
866 2982 904 3017 in
934 2983 1063 3029 Epist.
1096 2982 1249 3025 Natal.,
1282 2983 1332 3027 II,
1365 2983 1510 3030 duplici
1541 2983 1625 3027 fol„
1656 2981 1724 3027 248
1749 2982 1861 3026 (161).
1892 2981 1997 3018 Vide-

362 3040 479 3086 epist.
498 3040 570 3075 600
589 3046 628 3076 et
646 3040 730 3084 605,
750 3040 891 3088 quibus
909 3041 971 3076 hic
990 3042 1258 3088 respondetur.

434 3099 447 3119 ³
498 3099 541 3133 P.
563 3099 750 3134 Martinus
769 3099 1003 3145 Florentius,
1022 3099 1071 3135 de
1089 3112 1164 3147 quo
1184 3101 1272 3137 vide
1292 3113 1421 3149 supra,
1440 3102 1554 3149 epist.
1578 3102 1659 3148 5963
1678 3107 1721 3138 et
1738 3102 1822 3146 605.
