2101 3348
332 224 402 259 400
843 208 982 242 EP1sT.
1012 205 1055 240 P.
1084 204 1353 249 NADAL—467

277 310 554 358 contentarsi
576 312 676 358 che,
702 323 837 351 senza
866 312 1109 358 contratto,
1134 304 1248 348 fussi
1274 306 1379 348 dato
1406 303 1552 360 quest'
1575 303 1732 347 ordine
1755 302 1798 345 al
1821 308 1913 345 ret—

278 400 375 435 tore
396 390 451 432 de
475 387 620 443 Spira,
642 401 668 429 o
692 399 799 428 uero
818 385 858 426 al
878 381 1128 439 prouincial
1150 382 1222 425 del
1241 383 1415 434 Rheno,
1436 381 1493 425 de
1517 379 1693 424 tenerui
1716 379 1762 421 in
1780 378 1912 434 Spira

277 466 546 525 predicator,
573 471 617 507 61
639 464 784 506 anche
804 462 847 504 la
869 459 1054 503 lettione
1078 458 1350 515 theologica.
1379 459 1436 502 V.
1462 460 1515 501 R.
1545 457 1659 500 ueda
1676 470 1725 499 se
1749 462 1912 510 questo

276 543 406 601 potra
423 544 617 592 bastare,
635 546 679 584 et
697 541 781 583 che
798 539 840 580 la
857 535 1141 593 Compagnia
1160 535 1299 578 faccia
1317 535 1467 590 quello
1485 537 1569 578 che
1588 535 1693 590 puo,
1710 532 1910 576 secondo

277 623 319 665 le
342 616 654 663 constitutioni
677 630 773 659 sue.
800 615 885 658 Del
909 621 1044 666 resto,
1070 627 1161 655 non
1183 613 1376 656 essendo
1399 619 1569 656 uenuta
1586 611 1628 653 la
1649 609 1908 661 donatione,

276 699 332 741 ne
355 696 483 753 copia
505 695 549 738 di
571 694 736 749 quella,
762 707 852 734 non
882 691 918 734 si
942 690 1032 747 puo
1055 690 1148 732 fare
1180 690 1322 733 fermo
1346 688 1554 745 giuditio:
1587 688 1672 731 alla
1702 686 1912 743 giornata

278 781 581 832 aspettaremo
604 772 763 815 lettere
785 769 830 811 di
854 768 924 811 cio
947 770 974 810 ².

369 864 410 895 2.
478 849 611 893 Circa
633 849 661 890 l'
681 847 838 890 habito
862 845 967 890 delli
984 844 1126 888 nostri
1147 844 1193 886 in
1215 842 1346 900 Spira
1369 850 1413 887 et
1435 842 1536 886 altri
1558 841 1717 898 luoghi
1735 840 1779 883 di
1797 841 1915 884 Ger-

279 928 450 980 mania,
476 925 619 984 parmi
642 925 757 970 bene
780 926 864 967 che
894 925 951 967 V.
979 924 1031 966 R.
1060 921 1184 965 tratti
1215 935 1298 964 con
1329 920 1358 962 li
1387 918 1667 976 prouintiali:
1695 925 1740 961 et
1768 918 1920 974 quello

280 1008 364 1049 che
387 1006 545 1061 patera
565 1004 660 1046 loro
683 1009 727 1045 et
751 1017 776 1044 a
799 1003 855 1045 V.
883 1003 936 1044 R.
964 999 1143 1042 intorno
1161 1014 1187 1041 a
1209 1005 1384 1053 questo,
1412 996 1472 1039 mi
1501 996 1538 1039 si
1561 995 1724 1048 scriua,
1751 996 1917 1051 perche

281 1097 371 1138 qua
392 1096 484 1124 non
507 1095 667 1123 manca
689 1080 915 1134 qualcuno
944 1077 993 1120 di>
1011 1076 1147 1133 quelli
1178 1077 1262 1118 che
1291 1089 1400 1117 sano
1429 1076 1573 1117 anche
1600 1072 1631 1115 li
1657 1071 1838 1115 humori
1870 1071 1914 1113 di

280 1157 543 1209 Germania,
569 1158 652 1200 che
677 1164 806 1199 troua
828 1153 1045 1197 difficulta
1068 1153 1113 1195 in
1138 1159 1297 1208 questa
1321 1150 1509 1195 materia
1526 1152 1558 1194 ².

373 1250 412 1291 3.
480 1234 638 1280 Scriue
660 1235 718 1277 V.
744 1235 798 1276 R.
826 1234 925 1284 che,
947 1245 1038 1274 non
1060 1230 1099 1274 si
1120 1229 1351 1287 pigliando
1374 1243 1542 1272 nessun
1561 1226 1752 1283 collegio
1770 1225 1846 1282 pin
1869 1225 1914 1267 in

280 1312 528 1358 Germania
550 1327 629 1368 per
653 1326 714 1353 un
738 1318 903 1365 tempo,
930 1316 974 1353 et
997 1323 1088 1351 non
1110 1307 1146 1350 si
1170 1308 1361 1350 facendo
1383 1305 1609 1357 missioni,
1631 1311 1675 1349 et
1698 1303 1914 1346 aiutando

280 1392 339 1434 da
360 1392 503 1434 Roma
525 1403 613 1432 con
636 1386 889 1444 philosophi
921 1394 966 1430 et
999 1384 1231 1441 theologi,
1256 1399 1350 1427 non
1383 1396 1688 1427 mancaranno
1721 1379 1912 1436 operarij

282 1483 362 1524 per
382 1466 413 1509 11
436 1465 630 1522 collegij,
657 1464 761 1508 delli
791 1463 910 1519 quali
939 1465 997 1505 ha
1026 1461 1181 1505 scritto
1204 1463 1260 1505 V.
1288 1463 1341 1504 R.
1369 1462 1433 1504 La
1466 1459 1607 1516 prima
1640 1456 1914 1508 conditione,

281 1552 327 1587 et
350 1545 494 1588 anche
526 1544 568 1585 la
606 1541 714 1593 2.(18,
740 1555 832 1583 non
864 1539 1029 1596 paiono
1062 1546 1221 1595 troppo
1251 1537 1424 1580 difficili
1447 1536 1491 1579 di
1521 1536 1733 1593 guardar,
1760 1533 1916 1590 poiche

283 1636 375 1664 non
399 1620 434 1663 si
458 1620 581 1676 parla
599 1619 675 1674 pisi
693 1619 808 1661 delle
826 1616 1026 1660 missioni
1043 1617 1099 1660 de
1116 1622 1242 1672 parte
1260 1616 1332 1658 del
1354 1630 1482 1670 papa.
1505 1615 1570 1657 La
1589 1611 1674 1668 3.³,
1699 1612 1772 1656 del
1790 1626 1918 1654 man-

283 1698 364 1740 dar
386 1695 638 1753 philosophi
663 1702 707 1739 et
729 1694 947 1750 theologi,
973 1693 1169 1736 secondo
1192 1694 1275 1735 che
1297 1692 1414 1735 uedo
1434 1692 1477 1735 le
1499 1705 1606 1734 cose
1628 1689 1673 1732 di
1696 1703 1800 1744 qua,
1826 1702 1916 1730 non

282 1775 305 1818 e
329 1781 488 1830 troppo
513 1772 641 1817 facile
664 1787 742 1828 per
770 1771 944 1814 adesso.
973 1769 1187 1813 Tuttauia
1210 1769 1248 1811 si
1277 1769 1439 1812 manda
1461 1783 1523 1810 un
1545 1767 1814 1823 philosopho
1837 1760 1915 1821 per

281 1851 482 1907 Dilinga,
509 1858 553 1893 et
576 1849 612 1892 si
637 1849 802 1894 uedera
826 1863 874 1891 se
897 1862 1029 1891 uerso
1051 1847 1081 1889 il
1112 1847 1200 1889 fine
1228 1846 1345 1890 della
1374 1852 1491 1889 state
1519 1844 1554 1888 si
1579 1843 1705 1901 potra
1728 1843 1915 1886 mandar

286 1944 348 1972 un
372 1929 503 1972 altro.

377 2018 419 2059 4.
485 2005 570 2047 Del
588 2017 779 2046 reuocar
797 2001 932 2058 quelli
951 2001 1138 2057 operarij
1159 2001 1276 2045 della
1293 2000 1451 2052 Frisia,
1473 1999 1510 2042 si
1526 1999 1704 2061 rim—ette
1721 2013 1747 2041 a
1760 1999 1816 2041 V.
1839 1998 1912 2048 R„

285 2085 370 2127 che
392 2097 481 2125 non
506 2096 610 2137 pare
633 2080 798 2123 habbia
815 2080 856 2122 la
880 2093 985 2122 cosa
1001 2078 1237 2122 difficulta.
1259 2079 1490 2133 Alquanto
1513 2075 1719 2132 maggior
1741 2074 1779 2118 si
1803 2075 1917 2117 uede

286 2159 333 2201 in
357 2159 505 2214 quello
528 2158 572 2200 di
596 2157 873 2200 Franfordia.
903 2158 995 2199 Pur
1018 2158 1075 2200 V.
1102 2158 1155 2200 R.
1183 2156 1347 2199 uederii
1370 2155 1400 2197 il
1421 2156 1561 2198 frutto
1582 2155 1666 2196 che
1688 2152 1725 2195 si
1747 2154 1791 2194 fa
1814 2159 1857 2195 et
1881 2150 1917 2193 si

286 2250 432 2293 spera,
457 2243 501 2278 et
526 2236 596 2278 all’
616 2237 726 2277 hora
751 2234 842 2277 fara
861 2234 964 2289 quel
983 2236 1065 2277 che
1082 2233 1113 2275 li
1137 2233 1292 2290 parerii
1312 2234 1360 2275 in
1378 2232 1590 2275 Domino.
1612 2232 1681 2273 Fu
1697 2231 1785 2273 ben
1805 2230 1918 2271 fatto

287 2312 474 2355 mandas
497 2313 601 2367 quel
622 2311 735 2354 libro
758 2312 830 2354 del
852 2310 1080 2355 Kemnitio
1111 2311 1152 2353 al
1180 2310 1378 2354 cardinal
1406 2309 1591 2351 infante.
1622 2308 1655 2350 11
1678 2320 1917 2362 precursor

286 2389 343 2434 de
365 2390 407 2432 la
429 2388 619 2444 risposta
640 2388 712 2431 del
737 2390 893 2443 Payua
916 2403 963 2431 se
986 2389 1009 2431 6
1031 2388 1253 2441 riceuuto,
1274 2394 1318 2432 et
1340 2387 1371 2429 il
1387 2387 1537 2429 dottor
1555 2387 1718 2428 Torres
1736 2385 1768 2436 ⁵,
1789 2397 1915 2427 come

287 2467 479 2517 secular,
501 2480 589 2507 non
610 2466 736 2520 potra
755 2465 829 2521 gia
848 2464 926 2507 far'
945 2465 991 2507 in
1009 2480 1091 2508 suo
1108 2480 1241 2509 nome
1263 2471 1424 2520 questo
1442 2463 1617 2514 libreto,
1638 2461 1828 2505 essendo
1845 2460 1916 2502 in-

287 2549 404 2586 trato
427 2543 543 2586 nella
566 2541 860 2598 Compagnia.
889 2543 921 2584 Il
950 2543 1086 2585 modo
1108 2543 1163 2585 de
1185 2541 1383 2586 scriuere
1412 2541 1454 2583 al
1481 2538 1685 2596 superior
1706 2537 1811 2580 delli
1834 2552 1915 2580 no-

286 2620 366 2663 stri
389 2619 435 2661 in
458 2618 589 2674 Spira
610 2621 645 2662 s’
667 2619 690 2662 e
712 2618 872 2662 inteso:
894 2633 987 2661 non
1006 2633 1056 2661 50
1075 2625 1244 2674 quanto
1263 2618 1328 2662 sia
1351 2617 1582 2674 spediente
1606 2630 1709 2659 usar
1732 2615 1792 2657 tal
1809 2613 1917 2656 disi-

286 2696 549 2747 mulatione,
571 2695 780 2740 massime
797 2696 986 2738 essendo
1010 2696 1274 2738 conosciuto
1298 2710 1426 2739 come
1448 2708 1538 2737 uno
1561 2694 1616 2736 de
1638 2690 1795 2736 nostri.
1824 2693 1918 2734 Pur

287 2773 332 2817 di
354 2772 397 2816 la
420 2787 531 2815 sono
553 2772 630 2828 pii‘i
652 2772 804 2824 uicini,
833 2779 876 2815 et
899 2779 1118 2828 potranno
1142 2773 1280 2816 ueder
1302 2773 1440 2816 molte
1463 2785 1582 2823 cose,
1610 2770 1693 2813 che
1716 2783 1804 2824 qua
1828 2782 1917 2811 non

357 2897 367 2917 ¹
421 2895 521 2931 Vide
540 2894 657 2942 epist.
685 2894 767 2940 456,
790 2907 831 2930 n.
856 2895 891 2938 83
912 2904 995 2939 459,
1017 2907 1059 2930 n.
1088 2903 1119 2938 13
1140 2901 1179 2929 et
1197 2895 1368 2941 append.
1395 2895 1464 2937 VI,
1483 2894 1573 2940 VII,
1591 2893 1678 2939 XX,
1699 2898 1777 2927 etc.

361 2958 376 2977 ‘2
427 2954 527 2990 Vide
546 2954 664 3001 epist.
689 2963 772 2999 459,
793 2966 835 2989 n.
860 2963 893 2997 23
911 2962 949 2988 et
969 2953 1138 3000 append.
1162 2954 1289 2988 XLIII
1309 2960 1347 2989 et
1366 2954 1490 2989 XLV.

357 3016 372 3036 ⁵
423 3013 652 3050 Franciscus
671 3013 719 3048 de
738 3014 892 3057 Torres,
913 3012 1006 3048 alias
1025 3013 1236 3048 Turrianus
1255 3012 1397 3048 dictus.

2079 222 2098 245 ³-
2059 0 2101 211 ‹am-sam
