2101 3348
824 220 1045 257 APPENoix
1634 226 1698 263 701

910 323 951 364 X

566 401 616 437 P.
647 401 1026 440 THEODORICUS
1053 403 1298 439 CANISIUS

497 492 710 523 SANCTO
745 495 1057 526 ,FRANCISCO
1091 496 1158 524 DE
1190 495 1364 535 BORJA

617 569 843 625 Dilfflgae,
875 583 925 627 19
950 571 1056 625 Maji
1086 571 1195 624 1566
1218 572 1244 612 ¹.

672 658 834 693 Natalis
847 662 962 705 gesta
982 659 1194 706 Dilingae.

201 733 339 777 Venit
357 735 448 776 huc
465 734 697 791 Dilingam
715 735 974 791 praedictus
993 738 1127 778 Pater
1146 735 1348 791 (Natalis)
1369 735 1478 779 feria
1497 734 1627 779 tertia
1646 741 1749 790 post

111 793 275 837 festum
293 793 634 836 resurrectionis
651 796 684 846 ⁶³,
712 795 1050 839 exhortationes
1060 796 1230 850 aliquot
1244 795 1418 847 habuit,
1440 794 1748 837 confessiones

109 867 225 907 pene
249 852 451 895 omnium
479 853 677 909 excepit,
704 854 992 896 difficultates
1022 862 1199 896 nostras
1229 854 1493 910 praecipuas
1523 852 1743 896 intelexit.

108 912 304 954 Vnicum
323 921 572 967 supererat,
594 920 641 954 vt
658 921 760 968 post
777 914 930 956 audita
948 913 1115 965 omnia,
1137 914 1249 957 certi
1267 914 1362 969 ipse
1385 913 1553 968 aliquid
1576 911 1747 955 consti-

110 978 273 1023 tueret,
294 980 339 1014 et
361 971 529 1014 morbis
546 973 711 1014 nostris
735 973 932 1017 remedia
954 980 1077 1026 certa
1100 973 1441 1028 praescriberet.
1468 974 1640 1016 Verum
1663 986 1748 1014 nos

111 1045 210 1073 eam
233 1038 328 1073 tum
351 1030 543 1086 gratiam
566 1031 712 1074 meriti
736 1047 827 1074 non
850 1046 1022 1084 sumus;
1049 1039 1213 1074 octauo
1236 1032 1357 1074 enim
1385 1039 1487 1087 post
1516 1031 1589 1075 die
1611 1045 1746 1086 quam

111 1091 201 1132 huc
229 1097 431 1142 venerat,
456 1104 563 1134 ecce
593 1106 769 1133 summo
798 1106 945 1143 mane,
973 1098 1151 1147 praeter
1183 1106 1361 1134 omnem
1385 1090 1745 1146 expectationem

112 1156 327 1201 nostram,
364 1151 624 1204 Augustam
657 1158 914 1202 reuocatur,
955 1150 1107 1206 ibique
1145 1152 1201 1192 ad
1239 1153 1405 1194 horam·
1436 1150 1610 1206 prandii
1647 1163 1747 1193 esse

111 1208 294 1251 iubetur
311 1209 470 1252 eodem
493 1209 589 1262 die3
615 1224 732 1264 quae
763 1225 834 1252 res
871 1225 962 1252 non
999 1210 1146 1266 potuit
1179 1225 1268 1252 non
1302 1210 1586 1264 incommode
1615 1208 1747 1251 nobis

111 1267 314 1311 accidere
336 1301 344 1320 ,
391 1267 467 1323 qui
512 1269 612 1311 talis
653 1269 815 1311 medici
858 1269 1113 1325 praesentia
1155 1270 1397 1325 plurimum
1440 1270 1589 1312 adhuc
1633 1283 1744 1324 ege—

110 1327 325 1370 bamus...

897 1443 959 1484 XI

652 1531 699 1565 B.
724 1530 927 1566 PETRUS
948 1530 1190 1566 CANISIUS

542 1621 725 1651 SANCTO
759 1622 1024 1652 FRANCISCO
1059 1623 1120 1652 DE
1154 1622 1304 1661 BORJA

623 1696 851 1753 Dilingae,
878 1698 905 1739 6
921 1697 1029 1754 Julii
1059 1698 1169 1752 1566
1187 1699 1219 1740 ⁵.

237 1784 479 1819 Provinciae
494 1796 718 1831 germanae
735 1785 958 1830 superioris
975 1786 1157 1832 regimen
1176 1798 1201 1820 a
1220 1786 1363 1821 Natali
1377 1785 1608 1820 ordinatur.

271 1862 434 1917 Quella
456 1862 501 1904 di
525 1863 578 1904 28
602 1861 646 1904 di
670 1862 857 1918 Giugno
879 1864 938 1904 ho
968 1870 1153 1906 receuto
1182 1878 1268 1906 con
1297 1863 1325 1906 Γ
1348 1864 1461 1907 altre
1490 1863 1562 1905 del
1592 1862 1742 1906 cardi-

105 1996 333 2032 discedendi
352 1997 385 2032 si
404 1997 497 2044 quid
521 2003 655 2033 contra
679 1998 860 2043 dogmata
884 1998 1040 2033 concilii
1065 1998 1266 2034 tridentini
1291 2003 1530 2034 statueretur
1548 1999 1587 2033 in
1613 1998 1736 2040 dieta,

105 2061 145 2090 et
162 2067 251 2091 cum
270 2056 345 2091 iam
364 2062 547 2102 ageretur
565 2057 614 2091 de
632 2057 894 2092 confirmanda
913 2069 1007 2104 pace
1025 2057 1127 2092 facta
1145 2058 1194 2093 de
1213 2070 1313 2093 anno
1341 2067 1429 2103 1555
1454 2059 1495 2093 in
1520 2069 1733 2104 congrega-

104 2116 223 2160 tione,
245 2115 313 2150 ubi
327 2121 410 2151 erat
424 2116 507 2162 ipse
522 2118 674 2162 legatus
689 2116 894 2152 cardinalis
910 2123 1163 2163 augustanus,
1182 2118 1341 2153 nuntius
1358 2118 1471 2161 Bilia,
1487 2117 1619 2164 Scipio
1639 2118 1739 2153 Lan-

105 2177 302 2219 cellottus,
325 2176 476 2211 auditor
497 2182 619 2222 rotae,
640 2177 683 2211 P.
705 2177 870 2222 Natalis,
889 2176 1084 2219 Canisius‚
1110 2178 1315 2222 Ledesma,
1337 2178 1540 2224 Aloysius‚
1559 2188 1582 2222 4
1606 2177 1739 2212 Socie-

106 2235 196 2270 tatis
212 2236 319 2281 Jesu,
338 2247 382 2270 ac
395 2235 575 2271 dominus
591 2236 774 2271 Nicolaus
789 2238 926 2282 anglus
943 2238 1163 2283 theologus,
1180 2243 1219 2272 et
1234 2249 1323 2284 ego,
1338 2238 1539 2284 proposuit
1556 2237 1628 2272 tria
1642 2237 1738 2272 dub—

106 2295 183 2330 bia:
203 2295 346 2336 Primo,
367 2307 415 2330 an
433 2295 675 2331 confirmatio
692 2296 797 2342 pacis
820 2305 909 2341 1555
927 2303 1034 2332 esset
1050 2303 1184 2333 contra
1201 2297 1384 2343 dogmata
1410 2297 1566 2332 concilii
1593 2297 1740 2331 triden-

106 2354 191 2389 tini:
213 2356 282 2398 2.⁰‚
301 2356 582 2401 praesupposito
600 2355 703 2402 quod
722 2361 828 2390 esset
846 2356 1023 2402 dubium,
1039 2368 1087 2391 an
1106 2357 1270 2392 deberet
1289 2357 1407 2392 etiam
1434 2368 1481 2391 eo
1503 2368 1596 2391 casu
1612 2362 1741 2402 prote-

106 2413 201 2449 stari
218 2419 257 2449 et
275 2413 490 2449 discedere.
510 2413 576 2457 3.⁰‚
597 2414 687 2449 dato
705 2415 807 2462 quod
821 2417 1050 2461 protestatio
1070 2423 1175 2451 esset
1193 2416 1428 2461 necessaria,
1444 2428 1521 2463 quo
1537 2416 1682 2462 [pacto]
1700 2426 1740 2450 et

107 2485 183 2520 qua
198 2473 261 2508 via
283 2479 416 2519 posset
433 2473 517 2508 fieri
536 2474 621 2509 sine
640 2474 907 2520 indignatione
927 2475 1120 2520 Caesaris,
1137 2481 1177 2511 et
1194 2488 1263 2523 pro
1281 2476 1580 2511 conseruatione
1599 2475 1739 2510 iurium

107 2532 213 2567 sedis
231 2533 481 2579 apostolicae.
498 2532 658 2577 Omnes,
678 2540 843 2580 excepto
861 2545 938 2569 uno
957 2535 1189 2581 Lacellott0‚
1204 2535 1362 2571 fuerunt
1381 2536 1420 2571 in
1442 2541 1533 2570 uoto
1551 2535 1653 2582 quod
1671 2546 1740 2581 per

105 2591 328 2626 huiusmodi
359 2592 692 2628 confirmationem
723 2603 799 2628 non
829 2594 1160 2640 praeiudicaretur
1185 2595 1352 2630 concilio
1376 2594 1587 2641 praeterito
1611 2594 1738 2641 quoad

103 2650 299 2696 dogmata,
314 2651 440 2697 quoad
458 2659 549 2686 Lum
567 2662 575 2686 ι
595 2652 722 2698 quoad
737 2660 832 2687 2‚um
847 2682 856 2696 ‚
873 2659 1061 2700 quantum
1075 2655 1148 2689 hoc
1163 2660 1268 2689 esset
1282 2654 1459 2700 dubium,
1474 2655 1646 2699 legatum
1661 2665 1739 2688 non

103 2709 248 2745 debere
267 2711 473 2756 protestari
491 2723 564 2746 nec
581 2711 798 2747 discedere.
820 2712 960 2758 Quoad
979 2712 1074 2748 3.um
1090 2740 1100 2755 ,
1118 2713 1191 2749 fuit
1209 2714 1440 2760 protestatio
1459 2718 1610 2748 secreta
1629 2725 1649 2747 a
1674 2712 1737 2748 die

105 2768 282 2814 notitiae,
301 2780 389 2804 cum
407 2769 509 2805 facta
528 2772 653 2817 palam
673 2777 806 2817 posset
832 2783 919 2807 esse
944 2783 1061 2808 causa
1085 2773 1215 2819 magni
1240 2773 1413 2808 scandali
1437 2779 1476 2808 et
1501 2773 1740 2817 schismatis,

104 2833 144 2862 et
161 2828 315 2873 legatus
334 2829 636 2874 prudentissime
656 2831 695 2865 in
713 2843 755 2866 re
774 2836 851 2866 tam
871 2831 988 2867 dubia
1008 2837 1049 2867 et
1067 2833 1285 2878 periculosa
1303 2845 1345 2868 se
1363 2833 1508 2878 gessit.

176 2887 186 2906 ¹
239 2888 296 2922 Ex
315 2890 568 2935 autographo,
590 2891 630 2925 in
652 2889 752 2926 cod.
776 2900 826 2935 29
837 2891 898 2937 f),
918 2903 957 2926 n.
980 2891 1047 2926 218
1068 2895 1186 2938 (121).
1210 2892 1310 2926 Vide
1328 2903 1422 2938 pag.
1447 2891 1505 2926 63.

178 2949 192 2968 ²
244 2947 285 2981 Id
304 2953 377 2992 est,
397 2948 460 2983 die
482 2948 524 2983 16
543 2950 707 2995 Aprilis.

182 3007 196 3026 ⁵
245 3008 303 3041 Ex
321 3008 547 3055 archetypo,
567 3009 606 3044 in
625 3010 758 3056 Epist.
786 3010 956 3054 Canisii,
979 3011 1026 3056 II,
1046 3023 1089 3046 n.
1118 3019 1196 3055 171.
1218 3011 1317 3045 Vide
1336 3022 1423 3056 pag.
1448 3018 1527 3055 197;
1549 3016 1588 3045 et
1606 3019 1688 3054 242.
