2101 3348
742 237 765 272 6
791 237 1007 275 Oc‘rossms
1039 238 1128 282 1566
1641 245 1717 281 247

123 342 211 385 ala
235 341 351 384 festa
371 340 429 383 de
451 340 548 383 Sto.
586 339 781 396 Giorgio
808 342 885 382 vn’
918 341 1031 382 altra
1060 353 1163 382 casa
1194 339 1333 381 molto
1356 353 1382 381 a
1412 337 1644 394 proposito
1682 353 1761 395 per

129 419 297 462 seruar'
322 418 351 459 1’
376 416 586 459 instituto
616 424 786 469 nostro,
813 424 859 459 et
891 432 982 459 non
1011 417 1048 459 si
1070 416 1254 460 intende
1277 415 1542 471 obligation’
1569 417 1764 459 alchuna

129 496 175 538 in
201 501 375 549 questo,
408 493 646 549 percioche
670 508 829 537 manco
859 509 974 537 sono
1004 493 1208 550 obligati,
1235 495 1292 537 ne
1329 493 1359 535 il
1398 493 1612 549 capitolo,
1640 495 1696 537 ne
1734 494 1765 536 il

128 572 368 623 cardinale,
404 586 429 613 a
457 571 579 618 darci
603 570 756 630 niente
780 586 805 613 a
828 571 918 613 noi:
944 585 1016 613 ma
1041 578 1160 613 tutto
1185 573 1225 622 e,
1251 573 1336 614 che
1358 585 1414 613 ex
1436 571 1657 625 hipoilzesi
1679 572 1764 615 che

130 648 342 706 pigliamo
372 659 456 701 700
493 647 656 699 fiorini,
683 648 893 690 dobiamo
916 649 1011 690 dar’
1036 648 1114 703 piu
1142 648 1187 689 di
1217 649 1366 702 quello
1405 649 1489 691 che
1527 648 1691 700 diamo,
1718 654 1764 691 et

131 727 290 782 puotra
314 726 451 769 esser’
477 727 576 778 che,
604 725 811 768 vedendo
833 725 999 767 alchun
1024 725 1163 767 frutto
1186 711 1304 769 nelle
1325 726 1495 776 schole,
1521 725 1559 767 si
1581 725 1765 768 mouino

133 804 323 846 alchune
346 817 552 858 persone,
577 803 662 844 che
685 817 797 844 sono
821 802 1041 844 mercanti
1063 803 1201 844 molto
1226 801 1380 853 ricchi,
1406 817 1432 844 a
1455 803 1547 845 fare
1571 803 1764 845 alchima

128 879 392 922 fundatione
424 887 511 922 etc.

214 969 252 1010 7.
321 957 463 999 Molto
496 955 536 998 ci
574 962 787 998 contenta
821 954 851 997 il
882 954 1115 1010 conseglio
1146 955 1264 998 della
1297 955 1391 997 ΞΝ
1419 955 1475 997 de
1509 962 1663 997 nostro
1696 955 1760 998 si-

127 1048 268 1090 gnore
291 1048 423 1088 sopra
445 1033 474 1075 il
496 1033 694 1076 scriuere
717 1039 876 1076 contra
906 1031 1110 1085 heretici,
1142 1039 1230 1074 etc.
1263 1032 1394 1075 Delia
1422 1031 1760 1087 dispensatione

127 1112 183 1155 de
207 1110 342 1166 quelli
365 1110 438 1152 doi
463 1109 717 1153 canonicati
740 1109 776 1151 si
801 1108 963 1152 ricordi
986 1110 1028 1151 la
1047 1111 1098 1151 P.
1121 1110 1178 1151 V.
1201 1110 1275 1150 Ho
1294 1110 1486 1151 hauutto
1505 1109 1644 1150 molto
1662 1109 1761 1163 pia-

119 1191 219 1251 'cer’
245 1189 288 1230 d'
314 1188 554 1238 intender’,
580 1189 664 1231 che
687 1187 925 1229 habbiamo
949 1186 1023 1242 gia
1046 1187 1185 1229 breue
1203 1188 1287 1230 che
1305 1201 1398 1235 non
1417 1186 1601 1241 possino
1619 1188 1758 1229 esser'

130 1265 374 1321 dispensati
402 1265 431 1306 11
460 1265 555 1307 uoti
586 1264 788 1320 semplici
817 1265 934 1308 della
963 1263 1247 1319 Compagnia
1276 1277 1324 1306 se
1361 1278 1452 1305 non
1490 1277 1570 1319 per
1608 1263 1637 1305 il
1672 1265 1760 1305 Pa-

128 1359 198 1399 pa,
224 1350 311 1388 etc.
338 1344 541 1387 Sarebbe
564 1345 701 1385 molto
725 1343 834 1385 utile
862 1345 945 1385 che
967 1341 1009 1384 io
1032 1350 1078 1384 et
1106 1342 1135 1384 11
1164 1341 1427 1397 prouinciali
1453 1344 1498 1383 n'
1523 1341 1761 1384 hauesimo

127 1421 254 1477 copie
277 1420 506 1464 autentice
523 1419 568 1462 di
586 1420 750 1474 quello.
774 1419 1069 1475 Sigismundo
1087 1420 1283 1462 bohemo
1311 1420 1319 1439 ¹
1345 1426 1415 1461 sta
1432 1432 1558 1470 sano,
1581 1425 1625 1462 et
1642 1425 1762 1460 resta

125 1499 242 1542 nella
264 1497 498 1553 prouincia
520 1498 575 1540 de
598 1497 800 1550 Austria,
828 1497 1149 1552 specialmente
1173 1497 1340 1552 perche
1364 1497 1407 1538 lo
1425 1498 1483 1538 ha
1500 1495 1763 1538 dimandato

125 1575 155 1618 11
178 1578 229 1618 P.
259 1575 412 1618 Pietro
436 1577 646 1631 hungaro
667 1590 747 1630 per
775 1576 950 1631 legger'
976 1573 1204 1618 rhetorica
1226 1574 1272 1616 in
1295 1572 1542 1629 Tyrnauia,
1570 1580 1614 1615 et
1644 1573 1707 1614 lui
1735 1574 1761 1616 e

129 1660 296 1697 restato
319 1653 364 1694 di
386 1654 537 1696 buona
558 1653 727 1708 voglia,
753 1660 798 1695 et
820 1655 856 1695 s’
882 1653 907 1695 e
929 1652 1101 1694 aiutato
1130 1666 1259 1696 come
1288 1665 1394 1707 pare
1423 1652 1497 1694 nel
1531 1658 1666 1694 restO.
1705 1651 1762 1692 Et

129 1736 286 1785 questo
310 1737 480 1785 quanto
501 1731 586 1774 alle
608 1731 767 1774 lettere
788 1730 845 1773 de
868 1731 925 1773 V.
955 1731 1005 1772 P.

218 1808 258 1850 8.
326 1808 373 1849 Io
395 1821 553 1863 penso,
580 1808 743 1859 Padre,
769 1814 888 1850 stare
917 1821 1005 1861 qua
1036 1807 1060 1848 8
1092 1821 1119 1849 0
1152 1806 1267 1850 dieci
1302 1805 1465 1862 giorni:
1502 1805 1626 1860 dipoi
1658 1819 1762 1860 par-

130 1884 246 1927 tirmi
278 1885 369 1928 co’l
400 1887 451 1928 P.
486 1884 687 1937 Canisio,
720 1892 765 1928 et
793 1887 962 1940 passar'
999 1898 1080 1940 per
1114 1883 1372 1935 Monachio,
1408 1882 1686 1938 Ingolstadio
1718 1889 1763 1925 et

128 1962 356 2018 Augusta,
383 1969 428 2005 et
451 1963 558 2004 star’
585 1961 659 2004 doi
682 1977 708 2003 o
734 1969 800 2005 tre
824 1961 973 2018 giomi
998 1976 1076 2017 per
1099 1962 1216 2012 loco,
1243 1968 1288 2005 et
1311 1974 1471 2003 manco
1494 1960 1531 2003 si
1550 1975 1697 2016 posso,
1718 1967 1764 2003 et

127 2040 279 2082 andar'
304 2055 330 2082 a
352 2039 553 2095 Dilinga,
579 2039 624 2081 di
647 2040 765 2082 doue
788 2040 958 2082 andare
981 2038 1124 2095 prima
1147 2054 1172 2081 a
1197 2037 1449 2094 Herbipoli,
1475 2037 1520 2080 di
1542 2039 1585 2080 la
1608 2053 1633 2080 a
1656 2037 1762 2093 Spi-

126 2132 188 2169 ra,
214 2123 259 2160 et
281 2116 326 2159 di
349 2116 425 2173 qui
450 2132 475 2160 a
498 2116 739 2171 Maguntia
763 2131 851 2159 con
873 2117 915 2158 la
938 2115 1085 2171 gratia
1114 2117 1186 2159 del
1216 2115 1427 2171 Signore:
1465 2122 1510 2159 et
1542 2129 1671 2158 come
1703 2116 1763 2157 ho

125 2194 248 2237 detto
262 2208 341 2250 per
360 2196 436 2236 un’
457 2195 585 2245 altra,
609 2193 883 2237 desiderarei
906 2195 1053 2249 saper’
1079 2194 1198 2236 dalla
1222 2195 1274 2235 P.
1302 2194 1358 2235 V.
1381 2207 1430 2236 se
1453 2194 1512 2235 ho
1531 2193 1574 2234 d'
1596 2193 1764 2235 andare

124 2270 169 2312 in
191 2271 378 2314 Francia
400 2286 427 2313 o
458 2285 577 2314 none
601 2270 710 2330 [sic];
734 2272 898 2326 perche
922 2271 967 2313 in
991 2278 1059 2315 tre
1082 2285 1109 2313 o
1137 2278 1299 2326 quatro
1329 2269 1607 2325 soprascritti
1636 2269 1696 2311 mi
1725 2268 1763 2312 si

127 2347 273 2392 scriue
300 2348 533 2391 visitatore
560 2349 616 2391 de
648 2348 859 2400 Francia,
886 2355 932 2391 et
969 2347 1015 2390 in
1051 2348 1214 2390 nisuna
1251 2348 1413 2391 lettera
1436 2348 1506 2390 c²e
1534 2347 1686 2402 parola
1717 2346 1762 2388 di

131 2434 305 2479 questo,
331 2427 387 2468 ne
410 2440 571 2468 manco
594 2427 711 2469 nella
733 2433 934 2481 patente3
965 2433 1010 2469 et
1033 2426 1225 2469 essendo
1249 2425 1293 2467 in
1318 2424 1524 2476 Francia,
1550 2438 1599 2466 se
1622 2426 1680 2466 ho
1705 2425 1764 2465 da

129 2500 345 2545 ritornare
368 2517 446 2558 per
469 2503 757 2559 Alamagnia,
778 2518 805 2546 o
828 2518 934 2556 non;
956 2504 1136 2558 perche,
1156 2517 1251 2545 non
1272 2503 1503 2558 puotendo
1520 2509 1701 2558 portare
1718 2501 1762 2543 io

128 2577 158 2619 li
179 2578 322 2621 scritti
345 2581 429 2624 che
451 2582 510 2622 ho
533 2580 579 2622 in
601 2581 817 2636 Augusta
840 2594 928 2623 con
951 2594 1096 2631 meco,
1122 2579 1270 2622 uorrei
1288 2593 1462 2635 sapere,
1495 2580 1612 2621 doue
1642 2578 1671 2619 li
1701 2580 1763 2620 ho

127 2655 183 2697 da
206 2655 373 2710 auiare3
399 2658 575 2701 benche
599 2664 739 2709 certO,
767 2659 930 2711 Padre,
956 2671 1071 2713 poco
1094 2671 1166 2699 me
1190 2670 1301 2699 curo
1326 2656 1401 2712 gia
1423 2671 1502 2712 per
1525 2655 1669 2712 gratia
1687 2655 1759 2697 del

198 2758 207 2778 ¹
258 2756 302 2792 In
321 2758 499 2803 catalogo
518 2757 802 2793 informationis
820 2757 868 2793 de
893 2757 1070 2804 personis
1089 2757 1246 2803 collegii
1265 2756 1490 2792 viennensis
1512 2768 1533 2790 a
1554 2767 1688 2790 mense
1708 2754 1760 2792 O-

124 2815 268 2850 ctobris
288 2817 378 2851 anni
395 2816 485 2861 1566
503 2828 626 2864 usque
645 2817 693 2852 ad
710 2817 828 2852 finem
854 2815 1025 2862 Augusti
1049 2816 1140 2852 anni
1162 2818 1266 2861 1567,
1294 2817 1390 2851 haec
1408 2817 1614 2850 habentur:
1636 2813 1759 2859 «Sigi-

125 2874 311 2910 smundus
342 2876 602 2921 Dominatius,
633 2876 860 2922 pragensis,
887 2877 1091 2918 bohemus,
1112 2876 1312 2922 ingressus
1343 2874 1581 2910 Societatem
1611 2875 1756 2908 Romae

126 2944 225 2968 anno
250 2934 351 2980 1561,
385 2934 514 2970 emisit
543 2935 707 2981 primum
738 2941 829 2970 uota
855 2935 1000 2970 ibidem
1032 2935 1072 2970 in
1096 2935 1197 2970 festo
1227 2934 1560 2971 Circumcisionis.
1595 2932 1756 2967 Audiuit

126 2992 368 3035 rhetoricam,
385 2993 550 3028 mediam
569 3000 717 3040 partem
734 3006 885 3040 cursus,
905 2995 1103 3041 professus
1123 3000 1183 3030 est
1201 2994 1433 3030 rhetoricam
1452 2992 1686 3039 Tymauiae,
1703 2992 1755 3025 le-

129 3049 188 3095 git
205 3051 267 3087 hic
285 3052 323 3087 in
342 3052 464 3099 prima
481 3053 604 3088 classe
622 3053 904 3099 gramaticae.»
922 3055 982 3089 Ex
1000 3055 1211 3100 archetypo
1228 3054 1389 3088 Romam
1409 3052 1545 3088 misso.
