2101 3348
803 229 850 265 30
875 230 987 276 JUN11
1016 229 1106 274 1576
1648 234 1721 272 719

127 336 261 387 ciale,
287 333 509 390 speriamo
526 335 611 378 che
634 333 720 377 ella
741 334 909 376 hauera
931 333 1070 375 molto
1092 331 1399 375 ricomandato
1417 336 1536 372 tutto
1560 329 1664 385 quel
1687 345 1772 374 ne-

133 412 261 470 gotio
278 412 320 454 al
341 425 423 454 suo
446 410 613 453 nuncio
637 410 681 453 di
703 416 876 453 cotesta
898 417 1037 454 corte.
1058 408 1403 466 Aspettiamone
1426 407 1621 463 qualque
1645 408 1772 450 buon

134 503 364 533 successo.
382 487 536 531 Piacia
553 502 578 530 3
595 487 682 530 Dio
699 487 942 534 benedetto
960 486 1145 540 darcilo,
1158 487 1201 529 la
1218 485 1291 529 cui
1310 487 1483 529 Maesta
1497 499 1638 540 prego
1657 498 1746 527 con

138 567 287 611 tinuar
310 580 486 621 sempre
514 580 539 607 a
571 566 628 608 V.
670 566 724 607 R.
750 565 792 606 la
819 578 902 606 sua
933 570 1062 606 santa
1099 563 1247 620 gratia
1284 570 1329 607 et
1360 561 1685 606 benedittione.
1712 561 1772 604 Di

140 646 299 695 Roma,
326 641 399 685 3111
422 657 449 699 9
471 640 516 683 (11
532 643 688 698 Jugno
718 641 844 694 1576.

229 719 356 763 Tutti
398 719 411 761 i
448 717 734 775 procuratori
760 717 1024 760 arriuorono
1056 717 1152 761 sani
1182 726 1226 760 et
1259 717 1373 760 salui
1401 732 1482 773 per
1510 715 1656 772 gratia
1686 715 1774 759 Dio

133 804 314 842 eccetto
336 796 486 852 quello
515 795 558 837 di
588 794 757 839 Sicilia.
793 794 895 837 Con
926 795 1075 849 quello
1104 794 1149 837 di
1180 793 1424 839 Germania
1449 793 1724 836 scriueremo
1748 808 1774 834 3

140 875 197 918 V.
224 876 278 918 R.
305 873 382 930 piu
404 874 702 929 largamente.

903 1001 1021 1041 (301

587 1089 639 1130 Ρ.
672 1087 1084 1130 HIERONYMUS
1114 1087 1332 1129 NADAL

465 1183 647 1217 PATRI
681 1180 1012 1217 EVERARDO
1049 1168 1456 1217 MERCURI'ANO

715 1274 872 1311 HALAE,
891 1264 936 1300 30
954 1273 1059 1308 JUN11
1081 1265 1170 1309 1576
1185 1265 1209 1303 ¹.

146 1351 320 1398 {nfirma
344 1351 475 1386 utitur
498 1350 744 1393 valetudine,·
768 1350 896 1384 laetus
919 1352 1052 1384 tamen
1077 1351 1113 1383 et
1139 1348 1376 1389 consolatus,
1402 1348 1446 1382 in
1473 1347 1649 1381 Domino
1673 1348 1779 1390 SPem

803 1421 919 1443 suam
948 1407 1118 1453 reponit.

231 1495 363 1551 Jhus.
390 1493 650 1536 Admodum
670 1493 781 1536 Rde.
804 1492 850 1534 in
867 1493 987 1547 Xpo.
1012 1492 1064 1533 P.
1086 1492 1142 1534 N.
1166 1493 1263 1534 Pax
1280 1489 1464 1533 Christi.
1487 1489 1608 1532 Nihil
1633 1489 1780 1532 habeo

147 1571 222 1614 cui
244 1571 558 1628 respondeam,
578 1585 662 1614 nec
686 1577 754 1614 est
777 1569 898 1624 quod
922 1567 1150 1624 replicem,
1172 1582 1289 1623 quae
1313 1574 1358 1611 et
1376 1568 1432 1609 ad
1452 1569 1505 1609 P.
1527 1568 1580 1609 Τ.
1603 1565 1778 1621 scripsi,

146 1655 194 1692 et
217 1648 414 1700 Ximeni,
440 1648 496 1691 ad
520 1656 563 1692 te
586 1647 836 1692 referenda.
864 1648 992 1689 Bono
1024 1645 1176 1688 animo
1201 1652 1246 1688 et
1278 1645 1396 1688 laeto
1431 1659 1531 1686 sum
1565 1650 1782 1699 acceptu—

153 1740 230 1768 rus
254 1733 274 1752 a
300 1740 379 1781 per
408 1724 577 1768 Christi
607 1724 798 1780 gratiam
822 1723 1036 1779 quicquid
1065 1737 1145 1778 per
1177 1730 1221 1766 te
1253 1721 1475 1764 Dominus
1497 1722 1542 1763 in
1569 1736 1641 1765 me
1670 1728 1714 1764 et
1737 1720 1784 1762 in

157 1804 309 1854 rebus,
324 1803 380 1845 de
398 1801 563 1857 quibus
581 1816 684 1857 ago,
697 1800 982 1856 disposuerit.
1000 1801 1035 1842 F
1039 1799 1130 1842 axit
1148 1799 1373 1850 Christus,
1389 1799 1510 1853 quod
1521 1812 1782 1853 persequor,

156 1888 206 1922 vt
229 1879 275 1922 id
296 1893 403 1923 vere
425 1878 575 1922 dicere
598 1877 763 1933 possim
788 1894 813 1922 e
834 1878 969 1920 corde
991 1891 1107 1919 meo:
1138 1877 1260 1931 Quid
1289 1876 1404 1918 milii
1431 1879 1494 1918 est
1518 1877 1567 1917 in
1599 1876 1727 1927 coelo,
1750 1879 1790 1916 et

158 1974 186 1998 a
209 1960 248 1999 te
271 1957 379 2012 quid
408 1957 528 1998 volui
555 1960 692 2011 super
721 1957 916 1997 terram?
952 1954 1134 2010 Defecit
1157 1968 1262 1995 caro
1290 1957 1330 1995 et
1352 1968 1427 1995 cor
1464 1967 1627 2005 meum,
1662 1953 1790 1994 Deus

158 2033 310 2075 cordis
332 2034 420 2075 mei
442 2036 481 2074 et
495 2037 612 2088 pars
637 2046 734 2073 mea
750 2033 876 2073 Deus
895 2032 943 2072 in
961 2034 1210 2072 aeternum.
1233 2030 1353 2072 Mihi
1374 2032 1523 2071 autem
1540 2029 1790 2071 adhaerere

160 2113 256 2153 Deo
278 2111 441 2152 bomcm
478 2113 553 2162 est,
585 2114 754 2164 ponere
777 2109 826 2150 in
857 2108 1056 2150 Domino
1092 2109 1188 2149 Deo
1210 2112 1332 2162 spem
1355 2120 1501 2149 meam
1526 2108 1557 2148 ².
1595 2107 1690 2149 Ora
1711 2120 1792 2162 pro

157 2187 282 2246 [me,]
311 2188 331 2214 b
360 2189 509 2231 Pater.
547 2185 819 2230 Valetudine
855 2191 956 2227 vtor
993 2199 1169 2240 semper
1201 2183 1393 2226 infirma.
1434 2185 1531 2227 Nec
1564 2183 1727 2225 mirum
1756 2182 1791 2225 si

160 2264 577 2321 septuagenarium,
617 2264 943 2314 catarrhosum,
984 2262 1232 2314 defessum,
1269 2268 1356 2304 etc.
1398 2267 1574 2304 tentent
1610 2275 1682 2303 me
1720 2259 1793 2302 alii

159 2343 299 2388 etiam
317 2341 479 2393 morbi,
506 2339 634 2395 quasi
656 2355 710 2383 ex
739 2338 914 2381 insidiis
943 2338 1229 2382 occasionem
1252 2337 1451 2381 irruendi
1479 2339 1792 2381 obseruantes.

166 2415 258 2465 Sed
280 2426 431 2463 tamen
452 2418 522 2461 his
544 2417 704 2460 diebus
725 2416 989 2460 meliuscule
1011 2417 1172 2459 habeo.
1205 2414 1309 2457 Fuit
1337 2417 1558 2458 hactenus
1588 2414 1797 2457 turbidus

160 2501 258 2550 aer,
284 2503 329 2539 et
345 2495 528 2552 pluuius
550 2496 659 2538 fere.
687 2495 820 2537 Nunc
843 2493 1022 2537 videtur
1040 2493 1096 2535 ad
1113 2492 1400 2536 serenitatem
1418 2499 1636 2548 spectare.
1664 2493 1796 2534 Hanc

169 2573 334 2617 mentis
356 2580 401 2617 et
423 2571 570 2615 cordis
592 2572 668 2614 det
690 2570 820 2613 nobis
841 2569 1063 2613 Dominus
1084 2568 1296 2621 lucidam,
1326 2569 1506 2621 laetam,
1539 2583 1726 2612 suauem
1751 2567 1795 2610 in

167 2651 306 2706 Xpo.,
331 2649 461 2692 cuius
482 2647 789 2692 misericordia
807 2654 852 2691 et
868 2647 1034 2691 veritas
1051 2653 1290 2689 conseruet
1308 2645 1524 2690 Societati
1547 2644 1798 2687 diutissime

166 2726 438 2769 incolumem
463 2728 515 2768 P.
543 2727 597 2768 T.
630 2725 686 2768 ad
709 2723 926 2768 maiorem
949 2723 1138 2780 gloriam
1168 2722 1362 2766 nominis
1391 2722 1477 2776 sui,
1508 2729 1553 2764 et
1582 2721 1796 2778 plurima-

237 2846 258 2866 a
296 2837 480 2885 Sequitur
503 2849 592 2872 sum
616 2839 851 2883 accepturus
876 2835 1016 2871 iterum
1041 2834 1228 2881 scriptum
1253 2840 1292 2870 et
1317 2833 1652 2869 obliteratum-b
1669 2832 1796 2869 Omis-

165 2910 255 2934 sum
273 2909 294 2932 3
312 2897 399 2933 libr.

246 2989 256 3008 ¹
306 2987 364 3021 Ex
383 2986 607 3031 archetypo⁷
626 2984 665 3019 in
685 2984 812 3030 Epist.
832 2983 985 3027 Natal.‚
1007 2983 1057 3024 II,
1077 2982 1221 3029 duplici
1240 2982 1319 3027 fol„
1339 2982 1406 3027 246
1425 2983 1536 3026 (174).

244 3048 259 3066 ²
310 3045 377 3081 Ps.
398 3045 554 3089 LXXII,
573 3051 631 3089 25,
648 3044 708 3088 26,
727 3044 786 3079 28.
