2101 3348
396 238 467 283 784
972 237 1111 271 Eprsr.
1139 236 1184 271 P.
1212 235 1364 271 NADAL

1085 410 1263 452 XXXV

822 497 1157 533 MAGDALENA
1184 498 1254 532 DE
1281 496 1512 533 AUSTRIA

884 589 1024 619 PATRI
1069 589 1241 628 JOANNI
1286 588 1449 618 DIRSIO

661 664 920 719 Oeniponte
944 664 1006 720 (Ρ),
1033 679 1188 707 mense
1212 664 1414 707 Octobre
1438 663 1483 719 (Ρ)
1513 663 1623 717 1566
1649 664 1677 704 ¹.

439 753 640 809 Epistola
663 753 832 809 primae
859 767 1079 809 personae
1102 753 1116 773 ‘³
1141 753 1198 795 ad
1220 754 1277 795 D.
1305 752 1472 808 scripta
1500 750 1680 808 propria
1707 766 1845 796 manu
1875 765 1983 807 ger-

350 813 540 857 manice.

439 872 616 916 Dilecte
638 871 820 915 domine
836 873 1053 929 Joannes
1082 873 1182 927 Ego
1205 878 1250 915 et
1272 885 1449 913 sorores
1471 884 1552 926 pro
1574 869 1739 912 viatico
1761 869 1985 912 mittimus

350 933 407 974 ad
429 934 486 975 D.
509 932 716 974 Natalem
737 943 790 985 32
811 939 1069 982 coronatos,
1092 937 1137 974 et
1160 937 1391 986 praeterea
1414 936 1594 972 ornatas
1617 928 1828 995 reliquias
1847 929 1981 984 quin-

350 1006 439 1047 que
460 991 670 1047 partium,
693 990 798 1045 quia
819 997 1027 1046 sumptae
1049 997 1155 1032 sunt
1178 1005 1234 1033 ex
1254 989 1380 1044 ligno
1403 996 1585 1031 sanctae
1604 988 1766 1039 crucis,
1788 989 1836 1032 S.
1858 990 1980 1032 Lau-

350 1050 498 1103 rentii,
544 1051 592 1094 S.
633 1050 917 1102 Anastasiae‚
960 1050 1019 1094 Sy
1050 1049 1245 1105 Virgilii,
1286 1024 1328 1093 S.
1372 1047 1719 1091 Bartholomaei.
1756 1047 1979 1091 Mittimus

349 1111 484 1153 etiam
522 1123 667 1166 pauca
703 1110 923 1164 quaedam
962 1108 1250 1151 condimenta
1283 1116 1327 1152 et
1364 1122 1544 1163 aquam,
1575 1108 1631 1150 ad
1670 1107 1976 1151 ualetudinem

348 1169 469 1213 illius
492 1168 659 1213 rectius
681 1170 925 1211 curandam
949 1168 1265 1220 conducibilia,
1292 1182 1406 1223 quae
1429 1167 1579 1210 omnia
1601 1181 1768 1222 quaeso
1790 1166 1852 1208 illi
1875 1181 1977 1210 meo

349 1231 491 1272 dones
527 1228 723 1271 nomine.
761 1230 1001 1272 Praeterea
1038 1243 1237 1271 summas
1268 1235 1286 1254 ²²
1317 1227 1436 1269 illius
1473 1226 1770 1270 Reuerentiae
1807 1225 1976 1281 gratias

350 1290 501 1332 adhuc
523 1289 661 1331 semel
684 1302 794 1344 agas
816 1289 871 1331 de
894 1290 980 1330 hoc
1002 1287 1217 1331 benefitio
1240 1286 1347 1328 mihi
1378 1286 1608 1342 praestito,
1634 1286 1758 1341 quod
1780 1285 1975 1340 priorem

349 1347 674 1391 confessarium
699 1347 810 1389 mihi
834 1347 1078 1402 reliquerit:
1106 1361 1193 1401 qua
1215 1347 1270 1389 de
1299 1360 1436 1388 causa
1463 1360 1571 1401 erga
1600 1345 1872 1389 Societatem
1895 1359 1974 1387 ve-

349 1414 488 1450 stram
517 1407 626 1449 satis
659 1414 789 1463 grata
818 1422 918 1450 esse
947 1421 1037 1448 non
1071 1413 1226 1461 potero
1259 1406 1418 1448 diebus
1447 1405 1655 1448 omnibus
1683 1404 1802 1447 vitae
1830 1418 1973 1448 meae.

349 1467 473 1509 Illius
496 1466 794 1510 Reuerentiae
817 1466 1075 1508 memoriam
1100 1472 1223 1509 certo
1242 1465 1548 1520 quotidianam
1567 1464 1744 1506 habebo
1767 1463 1812 1505 in
1831 1463 1976 1518 preci-

349 1527 436 1569 bus
463 1526 596 1579 meis,
629 1532 860 1581 praeterea
887 1525 1140 1580 specialiter
1173 1539 1254 1580 pro
1282 1524 1356 1567 illa
1387 1523 1565 1567 recitari
1594 1524 1761 1566 curabo
1792 1522 1977 1578 triginta

350 1586 507 1628 missas
530 1586 585 1628 ad
608 1585 798 1640 gratiam
826 1585 912 1628 Dei
941 1585 1326 1639 consequendam,
1354 1591 1401 1626 vt
1429 1585 1617 1639 longum
1649 1583 1736 1625 hoc
1763 1581 1847 1624 iter
1878 1582 1976 1625 feli-

348 1645 445 1687 cius
468 1644 563 1699 ipse
586 1645 813 1687 conficere
834 1643 993 1699 possit,
1020 1651 1064 1686 et
1087 1651 1177 1687 tres
1200 1644 1384 1699 insuper
1408 1642 1796 1699 peregrinationes
1818 1656 1898 1696 pro
1921 1656 1979 1685 eo

346 1705 444 1760 ipso
465 1704 562 1747 fieri
585 1705 766 1746 curabo.

435 1764 622 1819 Rogesb
637 1763 771 1806 etiam
795 1762 1112 1806 Reuerentiam
1137 1762 1234 1806 eius
1256 1768 1438 1829 propter
1470 1763 1617 1804 Deum
1649 1775 1747 1803 meo
1771 1739 1968 1812 nomine,

346 1822 465 1865 sicut
488 1838 575 1879 ego
605 1824 793 1866 eandem
824 1821 974 1876 rogari
998 1822 1083 1863 feci
1105 1837 1184 1877 pei
1214 1822 1481 1876 magistrum
1512 1820 1664 1863 curiae
1693 1826 1897 1870 nostrae
1923 1826 1974 1861 vt

346 1882 392 1924 in
414 1896 539 1934 casu
566 1883 686 1937 quod
710 1896 835 1924 soror
859 1883 1094 1936 Magareta
1124 1858 1441 1925 Reuerentiam
1475 1879 1572 1923 eius
1604 1886 1774 1932 oraret,
1800 1879 1972 1922 sinatur

347 1949 396 1984 ut
418 1941 514 1997 ipsa
537 1956 713 1984 mecum
737 1956 873 1996 agere
896 1940 1095 1996 benigne
1117 1941 1173 1983 de
1196 1941 1412 1982 mutando
1444 1939 1718 1981 confessario
1742 1953 1857 1990 meo,
1884 1939 1971 1980 Re—

346 2001 550 2044 uerentia
574 2001 670 2045 eius
693 2001 735 2042 in
760 1979 793 2042 h
801 2015 846 2042 Dc
870 2007 992 2041 non
1014 2014 1066 2042 co
1072 1999 1280 2065 nsentiat.
1302 2001 1417 2042 Nam
1437 1999 1543 2040 hinc
1566 1999 1717 2049 fieren-
1730 2004 1778 2039 vt
1797 2003 1971 2053 pertur-

346 2061 556 2103 baremur
580 2060 813 2114 vtrinque3
840 2066 1077 2114 postquam
1101 2058 1220 2101 enim
1245 2060 1383 2102 semel
1412 2073 1499 2113 ego
1527 2059 1645 2099 hanc
1670 2031 1846 2099 obtinui
1868 2070 1974 2112 gra-

345 2119 451 2161 tiam
476 2121 531 2161 ab
555 2120 652 2162 eius
676 2119 964 2170 Reuerentia,
991 2120 1193 2173 profecto
1216 2133 1363 2172 neque
1392 2132 1533 2168 soror,
1560 2131 1707 2171 neque
1737 2116 1973 2170 quisquam

343 2193 416 2220 me
438 2179 719 2233 permouebit
743 2179 798 2220 ad
822 2178 1145 2220 confessarium
1169 2177 1305 2220 alium
1337 2177 1666 2232 accipiendum.
1694 2177 1865 2219 Verum
1887 2176 1973 2217 hoc

343 2236 507 2289 scribo,
540 2253 630 2280 non
660 2238 780 2293 quod
810 2244 1007 2281 metuam
1039 2252 1131 2280 rem
1166 2237 1291 2280 aliter
1320 2236 1613 2279 ordinandam
1643 2250 1764 2291 esse,
1790 2234 1973 2278 minime

412 2381 433 2400 a
473 2373 729 2408 Emendatum
765 2386 785 2408 a
816 2373 973 2409 Canisio
1004 2385 1051 2408 ex
1085 2374 1372 2408 smnmam.-b
1399 2372 1656 2408 Emendatum
1688 2384 1708 2406 a
1740 2371 1897 2406 Canisio
1924 2382 1971 2406 ex

335 2435 476 2478 pree...
497 2432 634 2477 (?).—e
656 2432 911 2468 Emendatum
931 2445 952 2467 a
971 2432 1127 2469 Canisio
1146 2445 1193 2468 ex
1221 2445 1280 2468 ne.

412 2546 421 2565 ¹
473 2547 532 2581 Ex
552 2545 732 2581 versione
752 2547 975 2592 archetypa,
997 2547 1044 2580 B.
1071 2546 1177 2581 Petri
1196 2546 1343 2582 Canisii
1364 2559 1478 2582 manu
1498 2552 1667 2591 exarata,
1686 2545 1724 2580 in
1744 2546 1872 2592 Epist.
1892 2545 1972 2581 Na-

339 2606 430 2651 tal.,
450 2605 502 2651 11,
528 2605 642 2640 unico
668 2605 750 2648 fol,
780 2605 844 2649 193
865 2608 981 2650 (147).
1013 2605 1074 2639 Ad
1099 2607 1244 2640 calcem
1270 2606 1383 2651 hujus
1409 2605 1663 2650 monumenti,
1691 2607 1785 2640 haec
1810 2606 1974 2641 liabetur

339 2664 554 2710 inscriptio,
574 2665 699 2699 Patris
720 2666 856 2710 Boero,
877 2665 915 2699 ni
936 2664 1117 2710 fallimur,
1139 2677 1251 2699 manc.
1267 2665 1357 2699 stilo
1376 2665 1528 2711 lapideo
1553 2665 1695 2700 addita:
1718 2666 1753 2699 Il
1776 2668 1975 2700 carattere

337 2724 357 2758 ἑ
376 2727 477 2758 tutto
496 2724 560 2758 del
580 2724 627 2757 P.
651 2723 935 2758 Canisio.——Si
953 2724 1157 2758 riscom‘ri.
1186 2723 1284 2758 Vide
1312 2724 1426 2770 epist.
1453 2732 1536 2768 447,
1562 2737 1598 2759 n.
1631 2733 1663 2769 Ι,
1690 2724 1756 2759 ubi
1781 2725 1824 2758 P.
1853 2723 1975 2759 Nadal

338 2782 453 2829 hujus
472 2783 713 2818 monumenti
734 2783 971 2817 mentionem
997 2782 1103 2826 facit3
1131 2788 1169 2817 et
1195 2794 1287 2829 pag.
1318 2791 1376 2827 703
1405 2789 1443 2818 et
1474 2792 1558 2818 120.
1589 2785 1767 2829 Quanam
1792 2783 1855 2818 die
1881 2785 1976 2818 haec

338 2841 505 2888 epistola
523 2842 611 2876 data
630 2841 761 2886 fuerit,
782 2853 857 2876 non
877 2846 1042 2876 constat.
1064 2842 1121 2875 Ex
1142 2841 1187 2876 iis
1207 2848 1353 2883 autem,
1369 2854 1466 2888 quae
1486 2842 1635 2877 Natalis
1656 2842 1692 2877 in
1714 2843 1878 2888 epistola
1891 2849 1977 2887 447,

336 2914 379 2936 n.
409 2910 442 2947 1,
461 2901 632 2947 scripsit,
653 2913 787 2936 mense
807 2900 977 2937 Octobre
997 2900 1087 2935 anni
1109 2901 1198 2944 1566
1217 2901 1321 2936 illam
1341 2901 1469 2936 datam
1489 2901 1611 2936 fuisse
1631 2902 1714 2937 erui
1734 2902 1901 2937 videtur.

407 2962 420 2981 2
473 2959 600 2994 Prima
619 2971 783 3006 persona
801 2959 862 2995 hic
883 2964 1044 2994 vocatur
1062 2959 1197 3005 regina
1216 2959 1446 3005 Magdalena
1469 2960 1518 2995 de
1545 2961 1716 3008 Austria‚
1737 2960 1815 2996 filia
1840 2960 1972 2996 Ferdi-

337 3018 454 3054 nandi
473 3019 504 3064 Ι,
526 3018 787 3066 imperatoris.
