2101 3348
374 204 442 239 822
827 183 830 188 ¹
953 204 1090 239 prsr.
1119 203 1162 238 P.
1192 203 1343 239 NADAL

327 304 569 361 legiorum.
594 303 740 360 Igitur
762 319 786 347 a
809 303 1092 347 tenuioribus
1112 303 1344 361 principiis
1366 319 1460 348 rem
1482 305 1741 349 ordiendam
1763 312 1894 362 puto,
1914 313 1966 351 et:

328 378 598 420 progressus
620 364 716 419 ipse
738 363 910 419 negotii
933 363 1209 416 admonebit,
1231 378 1321 419 quo
1342 371 1473 420 pacto
1496 364 1710 420 paulatim
1732 366 1789 408 ad
1809 367 1965 422 perfe—

329 422 471 466 ctiora
487 422 619 466 liceat
640 422 889 479 pervenire.
913 423 1046 475 Sunt,
1064 422 1140 478 qui
1158 424 1215 465 ob
1234 422 1490 466 tarditatem
1508 424 1758 467 calcaribus
1775 432 1961 480 egeant,

327 482 533 525 nonnulli
556 483 657 538 plus
678 481 926 526 voluntatis
955 496 1088 537 quam
1118 483 1345 526 facultatis
1372 483 1603 536 adferunt,
1630 490 1725 526 tum
1754 484 1851 527 aliis
1874 484 1959 528 alia

326 542 515 585 dessunt
558 543 647 584 huc
684 541 957 597 spectantia,
1000 549 1049 584 ut
1086 541 1303 594 inventio,
1345 542 1556 595 elocutio,
1596 542 1828 599 dispositio
1870 543 1958 586 lin-

324 614 444 656 guae
466 607 553 644 etc.
575 602 746 644 Verum
769 616 863 644 non
886 600 1134 644 diffiderem
1154 602 1333 644 Patrem
1351 601 1663 657 provintialem
1686 618 1712 646 a
1728 603 1780 645 P.
1803 604 1855 645 T.
1878 614 1959 647 ex-

325 660 513 703 citatum
536 659 733 704 rationes
755 661 1017 703 commodas
1035 660 1238 704 invenire
1254 675 1403 716 posse,
1424 661 1589 716 quibus
1606 661 1754 717 pauci,
1774 668 1825 704 ut
1847 661 1959 714 dixi,

326 733 380 761 ea
403 718 755 772 conscriberent,
778 734 894 775 quae
912 733 1016 761 cum
1034 720 1167 762 laude
1184 719 1230 762 in
1248 720 1478 775 publicum
1497 721 1835 775 evulgarentur.
1856 722 1961 777 Qua

328 778 374 820 in
397 794 446 822 re
468 778 506 820 si
528 785 573 821 et
596 787 816 834 quantum
840 780 893 823 P.
918 778 1069 822 Natali
1092 778 1149 822 sit
1171 780 1483 832 deferendum,
1510 780 1562 824 P.
1589 781 1642 822 T.
1663 779 1962 835 judicandum
2013 781 2023 793 ⁰

329 852 417 893 ego
445 837 712 893 relinquam.
739 839 876 882 Certe
898 837 1018 880 illius
1039 838 1264 893 judicium
1293 839 1584 895 magnifacio,
1611 840 1690 882 sed
1713 839 1967 883 consultius

330 872 424 939 fore
461 898 595 950 duco,
628 905 677 940 ut
713 912 769 940 ex
798 897 1071 942 authoritate
1100 898 1247 941 Patris
1278 898 1568 954 provincialis
1600 899 1742 941 nostri
1770 914 1842 942 res
1871 905 1967 942 tota

327 957 539 1022 pendeat,
566 956 643 1011 qui
665 971 744 1012 per
767 971 815 999 se
838 971 1036 1012 suosque
1059 957 1337 1000 consiliarios
1359 965 1404 1000 et
1426 958 1699 1013 deputatos'
1689 973 1735 1001 1n
1758 959 1844 1001 hac
1861 972 1965 1014 pro

328 1015 472 1058 vintia
499 1030 712 1060 censores
741 1016 957 1059 librorum
987 1017 1117 1060 facile
1140 1016 1386 1072 judicabit,
1419 1017 1584 1072 quibus
1615 1017 1761 1060 modis
1792 1032 1864 1060 res
1894 1017 1969 1059 in-

330 1074 484 1117 choari
506 1082 551 1119 et
574 1075 761 1131 provehi
785 1075 1067 1119 commodius
1090 1083 1226 1132 queat
1249 1077 1307 1119 ad
1329 1076 1546 1120 ecclesiae
1572 1076 1827 1121 utilitatem.

1042 1226 1260 1269 LXXXV

680 1319 733 1354 P.
770 1319 1139 1355 EVERARDUS
1182 1320 1622 1357 MERCURIANUS

842 1418 981 1448 PATRI
1008 1418 1226 1447 MATHIAE
1248 1419 1468 1448 LACKNER

802 1500 993 1551 Romae,
1026 1510 1075 1552 17
1100 1499 1314 1542 Octobris
1343 1510 1453 1554 1574
1479 1501 1508 1544 ¹.

756 1588 817 1623 De
837 1588 950 1623 libris
967 1589 1090 1623 Patri
1108 1588 1249 1623 Natali
1262 1589 1552 1635 procurandis,

422 1672 574 1728 Jesus.
611 1671 640 1727 ’ξ’
679 1673 1111 1727 M.—Quantopere
1151 1686 1310 1716 omnes
1341 1673 1561 1716 debemus
1598 1672 1720 1714 Patri
1759 1672 1981 1729 magistro>

341 1729 622 1785 Hieronymo
646 1730 813 1784 Natali,
839 1732 975 1773 credo
1006 1738 1128 1773 tuam
1161 1733 1215 1774 R.
1243 1732 1412 1787 optime
1440 1731 1583 1785 scire;
1616 1739 1835 1787 quantum
1865 1747 1976 1776 uero

339 1803 430 1845 ego
454 1788 632 1844 cupiam
657 1797 706 1832 ut
728 1791 846 1832 bono
869 1790 965 1834 seni
989 1790 1200 1833 omnibus
1222 1790 1267 1832 in
1291 1792 1427 1835 rebus
1449 1805 1760 1847 quaecumque
1778 1791 1973 1834 charita-

341 1849 400 1891 tis
422 1849 569 1891 officia
591 1849 906 1901 exhibeantur,
932 1849 1119 1906 potuisti
1147 1865 1203 1893 ex
1231 1850 1343 1893 meis
1371 1850 1551 1903 litteris,
1572 1865 1675 1893 cum
1704 1850 1778 1895 ille
1806 1852 1863 1893 ad
1891 1865 1978 1894 uos

344 1908 483 1959 uenit,
509 1908 777 1964 intelligere.
805 1910 942 1964 Quod
960 1911 1104 1952 Tuam
1128 1911 1181 1952 R.
1204 1909 1407 1954 effecisse
1424 1910 1510 1952 iam
1529 1909 1742 1966 cognoui,
1768 1918 1812 1954 et
1833 1911 1975 1954 laeta-

343 1978 417 2010 tus
446 1982 545 2010 sum
575 1982 853 2024 magnopere
881 1969 925 2010 in
958 1968 1170 2013 Domino.
1196 1970 1287 2013 Sed
1315 1984 1418 2011 cum
1448 1976 1581 2026 egeat
1610 1969 1759 2024 aliquo
1787 1984 1978 2013 numero

343 2027 588 2080 librorum,
614 2027 659 2069 in
689 2027 854 2083 quibus
883 2042 986 2070 cum
1017 2029 1166 2071 fructu
1195 2028 1337 2084 possit
1366 2036 1512 2072 terere
1542 2036 1741 2085 tempus,
1767 2028 1900 2085 cupio
1929 2035 1980 2072 ut

345 2088 446 2128 Tua
469 2088 522 2129 R.
549 2094 594 2128 et
618 2094 695 2129 tuo
717 2094 762 2129 et
785 2101 885 2130 meo
908 2087 1089 2130 nomine
1112 2087 1245 2130 alicui
1274 2088 1545 2144 bibliopolae
1573 2089 1795 2144 spondeas
1824 2095 1869 2132 et
1899 2102 1981 2131 uas

346 2144 407 2188 sis
432 2146 668 2200 pecuniam
698 2161 781 2189 nos
812 2148 868 2189 ad
895 2161 1116 2189 summam
1146 2154 1329 2190 centum
1360 2162 1598 2190 aureorum
1629 2162 1711 2204 pro
1742 2154 1808 2189 tot
1835 2146 1975 2200 libris,

349 2219 463 2259 quos
486 2212 620 2257 emet,
646 2220 728 2248 nos
751 2213 852 2262 post
880 2206 1113 2250 biennium
1136 2206 1280 2250 eidem
1304 2206 1574 2263 bibliopolae
1596 2214 1849 2250 curaturos.
1875 2208 1982 2249 Hoc

348 2278 450 2307 meo
488 2264 669 2308 nomine
698 2267 753 2309 R.
795 2266 847 2310 P.
889 2265 1172 2321 Hieronymo
1201 2266 1351 2309 Natali
1387 2266 1688 2322 significabis,
1729 2273 1773 2309 et
1810 2267 1979 2308 bonum

349 2337 520 2374 senem,
546 2330 596 2365 ut
618 2325 751 2376 soles,
777 2325 970 2369 fouebis.
996 2326 1066 2368 Ac
1088 2339 1160 2368 me
1189 2325 1468 2368 orationibus
1491 2333 1535 2370 et
1557 2325 1724 2368 sanctis
1747 2324 1983 2368 sacrificiis

348 2384 456 2426 Rae
480 2383 587 2426 T.ae
611 2386 894 2428 commendo.
920 2386 1105 2437 Romae,
1132 2384 1220 2440 xvij
1247 2384 1461 2428 Octobris
1490 2395 1616 2439 1574.

422 2531 431 2550 ¹
484 2532 542 2566 Ex
560 2532 747 2578 Regesto,
771 2532 864 2568 Cod.
888 2543 929 2578 33
941 2533 999 2579 j),
1019 2533 1085 2570 fol.
1110 2542 1150 2578 17
1170 2546 1207 2569 v.
1229 2534 1272 2569 In
1292 2534 1480 2580 margine:
1501 2535 1637 2570 Padre
1655 2536 1782 2569 rettor
1799 2534 1842 2568 di
1859 2533 1989 2568 Hala.

354 2589 455 2624 Vide
475 2589 589 2637 epist.
610 2590 696 2636 560,
716 2603 754 2626 n.
776 2600 810 2635 23
831 2597 870 2627 et
889 2592 972 2638 562,
991 2605 1029 2628 n.
1052 2602 1086 2627 2.
