2141 3358
337 523 666 577 EPISTOLAE
702 523 958 577 NATALIS
994 523 1075 576 ET
1111 524 1188 576 AD
1226 523 1512 577 NATALEM

860 716 983 756 350

576 800 616 835 s.
646 799 976 836 FRANciscth
1004 800 1074 835 DE
1099 799 1269 845 BORJA

431 879 641 923 PATRI
689 878 1116 921 HIERONYMO
1165 878 1408 922 NADAL

604 975 764 1012 ROMAE,
789 966 812 1004 6
839 975 1066 1002 FEBRUARH
1095 965 1186 1011 1566
1214 968 1240 1002 1.

724 1044 903 1080 Litterae
916 1046 1118 1090 patentes.

192 1127 227 1169 F
230 1124 460 1168 ranciscus
488 1125 544 1166 de
573 1123 756 1179 Borgia,
783 1121 1023 1166 Societatis
1047 1124 1158 1179 Jesu
1191 1122 1475 1178 praepositus
1493 1124 1734 1179 generalis,

107 1202 367 1246 charissimo
388 1201 435 1243 in
458 1202 575 1256 Xpo.
601 1199 765 1251 Fratri,
792 1213 946 1242 sacrae
970 1199 1224 1255 theologiae
1247 1199 1437 1251 doctori,
1459 1200 1738 1256 Hieronymo

104 1279 270 1332 Natali,
296 1279 487 1322 salutem
511 1277 558 1320 in
580 1292 650 1330 eo,
677 1276 754 1332 qui
776 1283 844 1319 est
868 1291 977 1320 uera
1004 1277 1146 1319 salus.
1184 1277 1301 1320 Cum
1331 1276 1604 1320 uisitationis
1632 1292 1737 1320 mu—

101 1371 186 1400 nus
208 1357 267 1399 ad
281 1357 542 1414 profectum
572 1358 611 1397 et
631 1355 798 1396 ‘bonam
824 1354 1205 1410 gubernationem
1236 1360 1257 1380 a
1285 1361 1466 1397 nostrae
1496 1354 1737 1398 Societatis

100 1433 419 1486 necessarium,
445 1447 525 1489 per
549 1446 630 1474 nos
654 1434 773 1488 ipsos
796 1431 921 1474 obire
945 1431 991 1473 in
1013 1430 1287 1474 Germaniae
1310 1431 1569 1487 superioris,
1596 1439 1641 1476 et
1663 1432 1734 1475 in—

99 1511 289 1565 ferioris,
315 1509 544 1562 Austriae‚
571 1516 616 1553 et
640 1508 786 1552 Rheni
810 1507 1071 1564 prouinciis,
1098 1522 1189 1550 non
1207 1508 1446 1564 possimus,
1465 1523 1660 1564 cumque
1679 1511 1734 1553 de

100 1596 176 1632 tua
198 1587 476 1644 integritate,
502 1586 723 1638 doctrina,
756 1585 997 1642 prudentia
1026 1591 1071 1627 et
1099 1584 1243 1628 nostri
1270 1585 1466 1628 instituti
1496 1587 1628 1641 plena
1657 1601 1734 1629 co—

100 1665 303 1722 gnitione
325 1665 517 1706 multum
541 1663 587 1705 in
609 1662 805 1706 Domino
829 1662 1124 1714 confidamus,
1149 1667 1194 1705 te
1215 1662 1342 1704 nobis
1365 1663 1421 1705 ad
1453 1663 1733 1718 praedictum

98 1757 263 1785 munus
285 1741 643 1784 substituendam
667 1753 759 1782 esse
781 1740 999 1781 duximus
1026 1739 1046 1766 ¹³
1073 1739 1105 1781 ⁴³.
1133 1740 1181 1781 In
1206 1739 1448 1794 praedictis
1478 1754 1588 1795 ergo
1619 1755 1732 1796 qua—

100 1827 200 1863 tuor
217 1818 470 1876 prouintiis‚
492 1825 536 1862 te
554 1806 832 1860 uisitatorem
850 1831 954 1859 cum
978 1816 1099 1859 omni
1118 1831 1170 1859 ea
1188 1816 1474 1870 auctoritate,
1496 1832 1630 1872 quam
1649 1832 1730 1860 nos

98 1900 147 1940 in
177 1897 442 1953 praesentia
469 1895 671 1939 habituri
698 1909 901 1938 essemus
930 1901 961 1946 ⁰,
992 1902 1082 1937 tam
1115 1893 1162 1937 in
1197 1894 1319 1950 ipsos
1349 1895 1652 1950 prouinciales
1686 1903 1730 1940 et

164 2048 185 2068 ³·
216 2039 327 2075 Prius
351 2039 404 2074 ita
428 2038 613 2085 scripturn
638 2037 777 2073 fuerat:
807 2036 908 2072 Cum
933 2038 1180 2073 visitationis
1197 2049 1360 2080 munuS,
1380 2050 1405 2073 a
1428 2039 1617 2085 generali
1640 2051 1727 2075 con-

84 2105 324 2153 gregatione
358 2105 693 2145 commendatum,
729 2106 765 2138 et
799 2103 954 2147 alioqui
983 2104 1037 2138 ad
1067 2105 1227 2139 nostrae
1259 2103 1467 2139 Societatis
1497 2104 1726 2151 profectum

85 2168 276 2212 praesens
294 2163 338 2210 [Ρ]
359 2165 478 2199 ualde
497 2164 764 2199 necessarium
777 2165 854 2209 per
872 2174 933 2198 me
951 2163 1131 2208 ipsum...

99 2242 103 2247 ·
161 2225 181 2252 b
212 2225 314 2259 Loco
329 2228 416 2259 octo
431 2224 639 2258 verborum
655 2221 971 2269 praecedentium
987 2222 1082 2257 haec
1097 2221 1203 2268 prius
1217 2222 1475 2257 habebantur:
1493 2225 1527 2257 te
1547 2224 1600 2257 ad
1610 2226 1727 2269 prae-

90 2285 241 2320 dictum
258 2295 407 2318 munus
425 2283 646 2318 obeundam
665 2282 898 2329 eligendum
916 2292 994 2317 esse
1012 2282 1335 2317 existimaui.-c
1370 2282 1443 2316 Pro
1467 2282 1527 2317 his
1554 2283 1726 2330 quinque

92 2343 222 2380 verbis
245 2344 341 2378 haec
365 2347 479 2378 antea
503 2341 646 2388 scripta
670 2346 792 2376 erant:
819 2353 890 2388 ego
910 2344 1103 2388 praesens
1125 2341 1337 2377 habiturus
1354 2353 1488 2377 essem.

162 2461 173 2482 ¹
224 2463 282 2497 Ex
312 2460 545 2496 adversariis
570 2460 824 2506 originalibus
849 2472 871 2494 a
901 2460 1057 2495 librario
1088 2460 1271 2505 exaratis,
1292 2466 1331 2495 et
1355 2472 1376 2495 a
1407 2461 1575 2496 Polanco
1607 2460 1723 2496 variis

92 2521 427 2557 emendationibus
446 2520 660 2566 castigatis,
679 2532 774 2567 quas
800 2520 940 2555 litteris
959 2519 1099 2555 italicis
1117 2519 1408 2566 distinguimus,
1428 2519 1467 2555 in
1492 2520 1642 2566 codice,
1661 2521 1723 2555 cui

89 2581 237 2616 titulus:
258 2581 429 2616 Decreta
446 2582 482 2615 et
501 2580 782 2615 instructiones
806 2588 982 2624 1540-73‚
1002 2579 1069 2614 fol.
1097 2578 1156 2624 93.
1176 2580 1221 2613 In
1241 2579 1429 2624 margine:
1448 2580 1530 2614 Pro
1551 2581 1622 2614 Pss
1643 2580 1721 2615 Na-

87 2641 162 2675 tali
179 2641 385 2676 visitatore
403 2641 446 2675 in
460 2640 687 2686 prouinciis
710 2638 969 2674 Germaniae.
991 2638 1053 2673 Ad
1071 2639 1231 2673 calcem:
1253 2640 1288 2673 A
1307 2639 1351 2674 di
1371 2649 1388 2684 3
1409 2640 1452 2674 di
1470 2639 1587 2674 Alme
1611 2639 1720 2685 1566,

87 2711 168 2734 una
185 2700 330 2743 simile,
348 2700 516 2734 mutatis
532 2697 822 2744 mzctandis,fa
847 2699 1044 2733 mandata
1069 2698 1111 2733 al
1137 2698 1189 2734 P.
1220 2697 1367 2734 Natale
1392 2699 1456 2733 nel
1481 2699 1626 2741 Rheno,
1648 2702 1720 2744 per

83 2759 230 2793 aisitar
249 2759 283 2793 Ze
299 2758 508 2804 prouincie
527 2758 570 2792 di
588 2757 764 2792 Francia
783 2759 819 2792 et
837 2758 1082 2802 Aquitania.
1102 2757 1172 2792 Illa
1191 2758 1311 2792 verba
1326 2758 1494 2792 mutatis
1514 2758 1719 2792 mutandis

86 2817 244 2852 Polanci
262 2829 378 2852 manu
396 2816 526 2851 addita
545 2822 652 2851 sunt.

154 2878 167 2897 Β
218 2876 296 2912 Cur
319 2876 468 2911 Natalis
499 2887 589 2922 prae
621 2875 705 2911 aliis
737 2876 885 2910 electus
910 2874 1028 2910 fuerit
1053 2874 1101 2910 ad
1124 2876 1220 2910 haec
1249 2875 1346 2910 tanti
1372 2874 1558 2910 momenti
1585 2875 1714 2909 munia

86 2934 278 2980 obeunda,
296 2935 499 2981 sequentia
517 2939 767 2969 monumenta
781 2935 1157 2969 commonstrabunt.
1178 2934 1221 2968 P.
1239 2932 1503 2968 Theodoricus
1519 2932 1712 2971 Canisius‚

88 2993 242 3038 collegii
275 2993 456 3039 Dilingae
489 2998 629 3033 rector,
665 2992 884 3039 praeposito
918 2992 1092 3038 generali
1129 2991 1336 3027 Societatis
1377 2992 1487 3037 Jesu,
1523 3000 1562 3034 17
1599 2991 1714 3027 Octo-

267 3058 385 3086 EPIST.
409 3057 447 3086 P.
467 3057 600 3092 NADAL,
623 3064 698 3085 TOM.
718 3056 777 3084 111.
1524 3057 1537 3083 1
