2101 3348
759 225 800 252 12
834 217 1079 252 DECEMBRJS
1111 217 1200 270 1566
1678 216 1748 263 335

156 318 410 375 Herbipoli,
437 333 522 361 con
545 317 707 374 grandi
730 318 921 374 guardie
943 326 988 362 et
1017 318 1244 375 diligenza
1266 334 1274 372 3
1301 326 1346 364 et
1370 319 1553 375 quando
1576 334 1680 364 6566
1713 321 1801 364 3113

155 396 263 448 cita,
288 411 405 439 vano
430 409 517 438 666
539 395 602 438 161
625 395 751 438 molti
775 395 949 449 armati,
976 396 1150 439 benche
1182 396 1242 439 mi
1271 396 1433 441 diceua
1454 396 1484 439 il
1507 397 1794 452 cancellario,

158 475 243 517 che
264 472 384 529 dipoi
407 473 524 516 della
547 472 682 525 dieta,
710 479 754 517 et
776 473 925 515 bando
941 473 1045 516 dell’
1071 472 1259 529 imperio
1277 476 1391 517 fatto
1415 474 1460 517 in
1479 475 1645 530 quella,
1665 482 1797 519 stano

159 550 323 603 securi,
349 549 426 606 piu
449 551 532 594 che
556 549 601 592 in
624 550 858 606 Augusta,
886 550 1003 593 nella
1031 549 1146 602 cita,
1172 558 1258 594 etc.
1287 553 1349 595 La
1381 551 1470 594 cita
1492 558 1537 594 et
1567 553 1736 595 ducato
1770 554 1796 595 6

161 628 298 670 molto
321 620 526 679 corroto,
544 630 639 668 tum
662 627 712 668 in
726 626 842 681 fide,
867 629 962 668 tum
988 627 1037 668 z'Jz
1066 628 1247 669 licentia
1270 643 1450 670 morum
1469 644 1482 670 .·
1511 643 1623 671 sono
1653 629 1798 672 molto

160 704 397 756 licentiosi,
424 710 469 747 et
490 702 535 745 di
559 710 720 746 natura
744 703 858 746 forte
881 710 926 746 et
948 704 1138 758 grande,
1165 711 1210 747 et
1239 705 1333 748 cosi
1356 705 1393 747 si
1418 713 1536 748 teme
1559 697 1794 760 difficolta3

158 788 204 824 et
226 782 497 823 nominatim
521 780 551 822 il
567 780 760 835 capitolo
783 780 922 822 molto
940 780 1083 823 libero
1102 786 1147 822 et
1169 783 1254 825 che
1277 783 1334 824 ha
1352 782 1565 839 bisognio
1582 783 1627 825 di
1648 785 1790 827 refor-

158 858 353 900 matione
386 857 501 900 assai
524 859 550 899 ¹.
589 856 642 900 Li
679 856 815 899 vicini
853 871 965 899 sono
1004 857 1132 912 quasi
1163 858 1268 899 tutti
1301 859 1488 902 heretici
1522 867 1567 903 et
1600 861 1792 916 potenti:

154 936 290 978 credo
319 936 404 977 che
432 949 524 977 non
553 932 690 976 habbi
720 934 833 976 altro
852 940 872 960 a
899 932 1102 989 principe
1126 934 1273 977 vicino
1297 936 1535 989 catholico,
1562 952 1611 981 se
1644 953 1737 980 non
1760 939 1789 980 l'

156 1012 332 1061 elettor'
359 1010 644 1068 maguntino.
672 1012 737 1054 La
759 1010 927 1053 facolta
943 1010 1017 1054 del
1035 1024 1232 1053 vescouo
1251 1019 1296 1055 et
1314 1012 1507 1068 capitolo
1525 1015 1566 1056 al
1585 1022 1796 1070 presente

155 1090 180 1131 e
202 1103 330 1145 poca,
357 1103 436 1144 per
459 1103 596 1131 63653
618 1090 702 1130 6116
724 1088 842 1150 66116
859 1102 1026 1143 guerre
1043 1095 1223 1144 passate
1240 1089 1314 1131 del
1330 1091 1565 1134 marchese
1582 1091 1626 1133 di
1647 1094 1795 1135 Bran-

156 1167 383 1222 damburg
400 1167 414 1186 2
441 1165 579 1208 135616
601 1164 850 1208 indebitata
873 1165 915 1208 la
937 1165 1090 1208 chiesa
1112 1165 1156 1208 in
1187 1172 1391 1210 trecento
1415 1167 1533 1228 611116
1569 1169 1717 1212 fiorini
1749 1177 1796 1212 et

158 1243 233 1300 piu
256 1243 286 1285 il
308 1258 505 1287 vescouo
528 1250 727 1299 passato,
753 1250 798 1285 et
820 1243 1033 1286 debbono
1057 1231 1254 1286 anchora
1277 1244 1319 1286 13
1341 1232 1564 1301 rnaggior'
1586 1254 1728 1301 parte,
1750 1254 1795 1291 et

155 1335 334 1377 pagano
359 1321 518 1376 grand'
546 1320 776 1374 interessi,
803 1327 847 1364 et
885 1322 1038 1363 hanno
1068 1320 1282 1364 sminuita
1313 1322 1354 1364 13
1389 1321 1565 1366 rendita
1594 1323 1794 1378 grande-

153 1406 302 1441 mente
325 1414 403 1454 per
425 1399 466 1441 le
488 1398 666 1442 miserie
688 1397 732 1440 di
756 1398 902 1453 questi
928 1397 1081 1454 tempi,
1108 1408 1151 1441 et
1175 1398 1461 1454 grossissime
1484 1415 1639 1456 spesse
1662 1401 1787 1443 ordi—

150 1475 272 1518 narie
301 1490 379 1531 per
408 1476 449 1518 16
483 1475 810 1518 circonstancie
843 1474 948 1518 delli
982 1474 1160 1518 nemici.
1190 1477 1254 1520 Le
1283 1476 1587 1530 conclusioni,
1619 1479 1784 1531 Padre,

150 1553 266 1595 dalle
288 1553 513 1595 comodita
536 1560 581 1596 et
603 1552 816 1595 difficolta
845 1554 886 1595 16
919 1553 1014 1596 fara
1044 1553 1085 1595 la
1116 1555 1164 1596 P.
1190 1555 1243 1597 V.
1269 1555 1407 1597 molto
1429 1555 1597 1611 meglio
1626 1555 1671 1597 di
1695 1571 1784 1609 me;

151 1631 325 1673 benche
347 1631 388 1673 le
411 1630 497 1672 mie
519 1630 556 1672 si
579 1637 801 1685 puotrano
824 1630 1128 1679 conietturare
1145 1631 1189 1673 di
1208 1632 1358 1686 quello
1376 1633 1459 1674 6116
1479 1640 1598 1675 resta
1622 1649 1647 1675 3
1669 1633 1783 1677 dire.

152 1707 242 1750 Noi
264 1707 428 1750 fusimo
456 1708 595 1750 molto
624 1708 713 1751 ben
743 1706 955 1750 riceuutti
984 1708 1057 1750 dal
1085 1722 1298 1760 vescouO,
1336 1708 1365 1750 il
1389 1709 1521 1763 quale
1551 1709 1711 1754 rimese
1744 1711 1788 1754 13

152 1785 411 1829 trattatione
428 1785 544 1828 della
562 1784 829 1828 fundatione
847 1785 888 1828 al
906 1784 1189 1836 cancellario,
1216 1787 1300 1829 che
1320 1786 1362 1828 fa
1384 1786 1492 1842 ogni
1510 1802 1630 1839 cosa,
1652 1794 1697 1830 et
1715 1788 1786 1832 616

152 1863 236 1905 6116
258 1861 320 1903 161
345 1863 409 1915 fa,
435 1863 636 1918 approba
667 1862 695 1904 il
727 1877 940 1905 vescouo.
967 1862 1069 1904 Co’l
1092 1862 1360 1905 cancellario
1394 1864 1607 1907 hebbimo
1638 1866 1786 1921 grand

152 1938 365 1981 difficolta
388 1940 429 1982 al
450 1939 688 1995 principio,
714 1954 793 1994 per
821 1953 979 1991 causa,
1007 1953 1134 1981 come
1164 1938 1207 1981 io
1230 1941 1382 1991 credo,
1416 1942 1500 1984 che
1529 1941 1617 1983 mai
1646 1956 1785 1986 erano

151 2015 257 2058 stati
278 2016 504 2059 informati
527 2016 830 2059 chiaramente
852 2017 925 2060 del
948 2017 1080 2058 modo
1109 2017 1165 2060 de
1196 2017 1371 2059 fundar'
1398 2018 1594 2074 collegij,
1622 2026 1667 2062 et
1689 2021 1784 2062 for-

148 2094 269 2136 mula
290 2101 335 2136 et
358 2094 492 2136 modo
511 2094 554 2135 d'
579 2093 856 2149 obligatione
878 2094 934 2136 de
965 2093 1191 2136 fundatori
1220 2100 1264 2138 et
1297 2102 1449 2138 nostra
1471 2109 1479 2147 3
1516 2102 1561 2138 et
1590 2097 1785 2152 special»

148 2178 298 2213 mente
323 2172 420 2215 fece
449 2186 624 2214 summa
652 2171 886 2223 difficolta,
913 2171 1095 2226 quando
1123 2171 1241 2214 senti
1269 2171 1299 2212 il
1328 2172 1597 2215 cancellario
1627 2175 1711 2216 che
1742 2176 1781 2217 s'

147 2249 325 2292 haueua
347 2249 404 2291 da
427 2250 520 2292 fare
543 2250 746 2291 31613666
769 2248 809 2291 13
833 2247 1097 2292 fundatione
1121 2263 1201 2304 per
1223 2249 1487 2293 alimentare
1509 2257 1691 2294 sesanta
1722 2252 1780 2294 de

147 2325 304 2377 nostri,
331 2325 360 2367 il
378 2328 462 2370 che
480 2327 526 2368 fu
544 2325 798 2370 necessario
815 2325 911 2370 dire
929 2325 1248 2378 chiaramente,
1270 2328 1434 2382 perche
1451 2328 1546 2370 loro
1565 2328 1782 2385 vogliono

146 2405 314 2447 hauere
338 2403 441 2446 tutti
464 2403 493 2445 li
515 2403 663 2447 lettori
687 2405 770 2446 che
792 2405 943 2446 hanno
966 2418 991 2446 a
1013 2405 1151 2446 esser'
1171 2403 1217 2446 in
1236 2419 1322 2446 una
1343 2404 1590 2448 vniuersita
1609 2413 1778 2459 nostra,

149 2487 195 2523 et
217 2480 247 2522 il
269 2481 450 2525 decreto
472 2482 588 2525 della
611 2481 966 2537 congregatione
995 2481 1031 2523 si
1061 2480 1236 2524 rimette
1259 2482 1330 2524 all’
1356 2482 1513 2527 ordine
1541 2484 1597 2526 de
1626 2490 1783 2527 nostro

220 2625 241 2645 a
280 2628 299 2653 2
319 2619 438 2653 verba
456 2630 569 2665 seqq.
594 2618 632 2653 in
650 2617 822 2663 margine
840 2617 988 2653 addidit
1006 2617 1098 2653 libr.

217 2738 228 2757 ¹
279 2737 345 2774 Cf.
368 2739 724 2783 BRAUNSBERGER‚
744 2739 818 2773 loc.
844 2738 937 2783 cit.,
957 2738 1027 2782 ΙΙΙ,
1048 2747 1136 2782 422.

216 2797 229 2818 ²
278 2798 366 2843 Ipse
385 2797 590 2844 episcopus
614 2797 899 2844 herbipolensis
923 2797 972 2832 de
996 2798 1068 2832 hoe
1092 2798 1196 2832 bello
1220 2798 1316 2833 haec
1341 2798 1497 2844 scripsit
1524 2801 1570 2834 B.
1603 2799 1776 2843 Canisi0‚

144 2855 165 2890 3
185 2856 274 2902 Maji
301 2857 403 2901 1561:
431 2858 571 2892 «rebus
599 2863 637 2892 et
661 2856 800 2903 opibus
827 2856 969 2892 nostris
994 2857 1098 2892 bello
1123 2856 1323 2904 superiore
1349 2863 1426 2893 tam
1453 2858 1620 2894 attritis»
1647 2870 1707 2894 sc.
1737 2858 1778 2894 in

143 2916 270 2950 «bello
283 2915 386 2962 quod
406 2916 592 2951 Albertus
611 2916 850 2959 Alcibiades,
867 2916 1038 2951 marchio
1056 2916 1440 2962 brandenburgensis
1459 2929 1497 2953 a.
1522 2926 1612 2963 1552
1628 2923 1667 2954 et
1685 2917 1777 2962 1553

145 2979 279 3009 contra
303 2974 506 3021 episcopos
531 2980 570 3010 et
593 2975 688 3010 alios
712 2974 864 3022 imperii
890 2975 1045 3010 ordines
1070 2975 1339 3011 crudelissime
1362 2983 1563 3022 gesserat»
1589 2978 1781 3013 BRAUNS-

148 3041 328 3078 BERGER,
348 3034 424 3069 loe.
449 3033 540 3076 cit.,
560 3034 632 3078 III,
654 3041 734 3078 127.
