2101 3348
782 219 804 254 4
830 209 935 252 MAJ1
964 208 1054 254 1566
1643 216 1683 253 91

104 311 436 371 praeiudicetur
460 310 541 354 toti
565 310 756 353 concilio
781 310 1042 363 tridentino,
1068 317 1113 353 et
1143 326 1198 355 ex
1221 309 1517 366 consequenti
1539 309 1713 366 particu
1729 335 1739 341 -

104 389 254 433 lariter
274 387 566 445 dogmatibus
589 387 818 430 eiusdem?

193 468 329 522 Resp.
395 464 622 520 Quoniam
645 465 702 508 de
724 464 957 508 catholicis
979 464 1226 519 quaeritur,
1248 464 1308 517 hi,
1335 464 1510 508 etiamsi
1533 478 1738 507 recessus

105 544 177 586 ille
198 541 438 598 imperialis
475 541 581 584 anni
620 551 727 595 1555
758 555 879 583 nunc
916 540 1079 584 iterum
1116 542 1475 593 confirmaretur,
1516 555 1663 597 neque
1691 540 1738 582 in

107 618 366 672 uniuersali,
387 632 535 673 neque
553 618 597 660 in
614 617 889 673 particulari,
911 618 1201 673 dogmatibus
1218 618 1393 673 concilij
1417 617 1663 670 tridentini,
1685 618 1740 660 ad

106 697 238 739 fidem
261 694 431 738 scilicet
453 693 799 750 pertinentibus,
825 700 978 749 aperte
1000 693 1308 749 praeiudicare
1337 694 1614 738 viderentur.
1645 696 1736 738 Ve-

104 788 218 826 rum,
238 773 275 815 si
291 773 412 815 nulla
429 771 564 814 huius
583 770 758 825 concilij
780 770 950 814 mentio
967 771 1041 814 uel
1058 770 1280 826 professio
1304 785 1329 813 a
1352 771 1585 813 catholicis
1608 771 1736 814 stati-

105 852 189 893 bus
217 850 350 892 modo
378 849 471 901 fiat,
508 856 629 893 certe
661 847 708 890 in
745 847 1009 892 uniuersum
1049 847 1239 890 concilio
1277 848 1602 903 praeiudicium
1639 848 1735 892 fieri

102 941 266 983 magna
287 933 355 970 est
377 925 583 981 suspitio,
607 932 743 980 atque
766 925 1088 980 praesumptio,
1115 925 1236 979 quod
1254 938 1335 980 per
1356 939 1641 980 consequens
1660 925 1737 968 fiet

107 1002 453 1062 particularibus
475 1001 609 1047 etiam
632 1002 936 1058 dogmatibus.

772 1134 825 1168 2.²¹
852 1141 1063 1175 QUAEsrro

190 1238 265 1280 An
288 1237 538 1291 acceptatio
557 1235 734 1291 concilij
761 1234 991 1279 tridentini
1014 1234 1072 1278 sit
1094 1233 1368 1277 necessaria?
1403 1235 1408 1236 ⁷

189 1315 323 1370 Resp.
382 1314 603 1369 Expressa
621 1313 756 1357 huius
774 1312 948 1368 concilij
969 1311 1236 1368 acceptatio,
1257 1311 1355 1354 siue
1378 1311 1424 1354 in
1440 1311 1536 1367 ipso
1553 1325 1733 1355 recessu

102 1390 391 1447 exprimatur,
416 1390 513 1435 siue
544 1390 665 1443 alibi,
691 1390 894 1447 insignes
928 1388 1145 1432 utilitates
1167 1390 1378 1441 adferret,
1406 1403 1457 1431 ac
1480 1388 1734 1432 necessaria

100 1482 280 1524 quoque
307 1467 536 1512 videretur
565 1468 621 1510 ad
659 1467 954 1524 suspitionem
984 1473 1028 1511 et
1056 1465 1470 1522 praesumptionem
1501 1465 1644 1517 illam,
1677 1466 1734 1509 de

103 1559 188 1600 qua
209 1545 380 1587 dictum
402 1552 486 1597 est,
517 1544 793 1596 euitandam,
821 1551 960 1599 utque
984 1544 1158 1587 nullum
1187 1543 1378 1586 concilio
1406 1542 1733 1599 praeiudicium

102 1621 198 1665 fieri
221 1621 464 1665 uideretur.

767 1751 822 1787 3.²³
849 1759 1060 1794 QUAESTIO

192 1854 266 1897 An
290 1854 517 1897 sufficeret
538 1853 714 1910 concilij
741 1853 1014 1897 mentionem
1037 1853 1149 1905 fieri,
1185 1860 1230 1897 et
1258 1852 1336 1896 ubi
1363 1852 1453 1905 illa,
1486 1853 1667 1908 quando
1690 1859 1736 1896 et

105 1929 266 1986 quibus
288 1931 441 1974 uerbis
464 1930 688 1975 facienda?

186 2008 321 2063 Resp.
378 2009 575 2063 Quando
590 2023 615 2051 a
630 2008 823 2051 statibus
841 2007 1073 2051 catholicis
1088 2009 1191 2059 hoc,
1207 2007 1329 2063 quod
1344 2006 1563 2062 optimum
1580 2014 1624 2051 et
1643 2021 1735 2050 ma-

99 2083 215 2127 xime
237 2085 494 2141 urgendum
518 2092 601 2137 est,
628 2085 820 2128 obtineri
844 2099 934 2127 non
958 2092 1126 2140 posset,
1153 2091 1202 2126 ut
1226 2084 1270 2126 in
1294 2083 1391 2140 ipso
1414 2097 1597 2127 recessu
1622 2083 1734 2126 libe-

98 2175 190 2203 ram
212 2168 257 2204 et
279 2168 479 2217 apertam
501 2162 826 2218 professionem
857 2161 1023 2205 faciant
1050 2162 1106 2204 de
1129 2160 1420 2217 acceptandis
1442 2160 1735 2216 dogmatibus

101 2238 272 2293 concilij
297 2238 543 2294 tridentinj‚
579 2240 738 2282 saltem
771 2254 824 2284 eo
847 2238 1092 2282 inducendi
1128 2237 1358 2290 videntur,
1396 2245 1444 2280 ut
1470 2237 1620 2282 uerbis
1642 2252 1733 2281 non

103 2315 304 2358 obscuris
325 2315 433 2358 dicti
462 2315 637 2372 concilij
668 2317 884 2372 dogmata
913 2331 960 2360 se
989 2315 1189 2372 profiteri
1217 2322 1261 2359 et
1284 2315 1553 2358 confirmare
1582 2315 1734 2358 decla-

105 2398 216 2435 rent.
243 2393 292 2435 Id
314 2400 465 2436 autem
488 2393 585 2437 fieri
608 2393 773 2449 poterit
796 2392 912 2437 inter
934 2392 1160 2448 principes
1182 2391 1378 2448 publice,
1404 2392 1478 2435 uel
1507 2391 1551 2433 in
1585 2391 1735 2446 aliqua

108 2469 461 2525 congregatione
498 2477 698 2513 statuum
736 2470 1078 2522 catholicorum,
1119 2470 1193 2513 uel
1230 2476 1369 2522 certe,
1408 2468 1445 2511 si
1479 2468 1607 2512 aliter
1636 2468 1736 2511 fieri

103 2546 224 2588 nulla
264 2546 438 2590 ratione
468 2554 634 2603 potest,
666 2547 783 2592 inter
811 2562 995 2604 paucos,
1023 2547 1097 2590 uel
1124 2548 1244 2603 apud
1274 2548 1377 2589 Ill.1n
1412 2548 1470 2589 D.
1513 2546 1730 2602 legatum.

104 2623 265 2665 Modus
289 2637 398 2667 uero
423 2624 624 2668 adhiberi
646 2624 831 2681 poterit,
858 2639 963 2679 quo,
989 2632 1035 2667 et
1057 2624 1242 2668 minime
1264 2624 1551 2666 offendantur
1574 2624 1735 2666 haere—

100 2697 192 2751 tici,
215 2706 260 2742 et
283 2701 491 2744 catholici
517 2716 645 2745 suam
668 2702 803 2744 fidem
827 2701 1025 2757 profiteri
1048 2716 1139 2744 non
1162 2701 1386 2744 omittant.
1410 2702 1467 2743 Et
1485 2702 1600 2743 forte
1624 2699 1736 2742 satis

98 2789 195 2818 esse
218 2776 462 2831 uidebitur,
488 2778 525 2821 si
550 2779 769 2832 dicerent,
795 2794 844 2823 se
867 2778 1067 2835 profiteri
1089 2793 1141 2821 ac
1165 2779 1281 2821 uelle
1304 2778 1480 2833 concilij
1503 2775 1734 2820 tridentini

98 2852 308 2908 dogmata
337 2870 520 2900 manere
558 2870 637 2911 per
673 2856 824 2899 omnia
858 2856 984 2899 salua
1013 2862 1149 2912 atque
1186 2855 1381 2911 integra,
1414 2868 1562 2910 neque
1592 2867 1640 2896 se
1678 2853 1736 2895 ab

99 2927 217 2972 illius
244 2931 333 2974 fide
353 2939 399 2973 et
426 2932 632 2976 doctrina
655 2947 755 2977 esse
777 2933 1072 2976 discessuros.
1106 2934 1261 2987 anue
1289 2931 1525 2988 professio,
1558 2931 1632 2972 uel
1656 2943 1737 2984 per

100 3003 446 3053 instrumentum
463 3009 709 3065 publicum,
731 3011 804 3055 uel
821 3025 900 3067 per
917 3010 1135 3066 scriptum
1152 3008 1460 3067 praesentium
1478 3006 1732 3063 principum
