2101 3348
415 213 481 248 242
925 201 1063 235 EPIST.
1091 199 1134 233 P.
1163 198 1433 243 NADAL—433

363 306 518 348 ordine
540 302 656 347 della
685 300 984 357 Compagnia,
1009 307 1055 343 et
1077 299 1170 342 cosi
1192 301 1228 342 s’
1255 306 1550 343 acostumano
1573 315 1598 343 a
1631 301 1805 356 grande
1837 300 1997 344 liberta

363 381 499 436 quelli
523 382 606 422 che
629 386 759 421 stano
781 379 837 421 13.
871 378 921 419 111
948 376 1135 433 Dilinga
1167 377 1191 418 6
1222 376 1265 418 13
1297 377 1544 420 medesima
1580 377 1890 421 osseruatione
1922 378 1995 422 del

361 457 585 499 cardinale
608 462 653 499 et
675 455 747 499 del
769 453 1023 510 consegli0;
1050 460 1175 497 tante
1198 453 1484 508 occupationi
1505 460 1551 497 et
1573 454 1743 497 assonti
1765 456 1848 498 che
1877 456 1993 498 han—

363 548 437 585 no;
463 541 507 576 et
530 533 574 574 in
597 532 703 574 tutti
724 531 755 573 il
778 546 890 587 poco
914 532 1120 587 guberno
1143 532 1227 573 che
1250 529 1290 572 ci
1319 531 1343 572 6
1372 536 1505 582 stato,
1542 531 1861 587 specialmente
1894 532 1986 587 qui,

362 618 408 653 et
429 611 472 652 in
496 609 790 665 Ingolstadio,
815 615 860 651 et
891 607 1146 661 Monachio,
1182 614 1227 651 et
1256 606 1391 651 etiarn
1424 607 1470 649 in
1503 607 1688 664 Dilinga
1721 608 1874 651 auanti
1906 611 1991 653 che

362 702 529 730 venese
549 687 580 728 il
604 688 655 729 P.
683 685 965 730 Theodorico
998 686 1024 728 ¹.
1053 684 1145 740 Qui
1169 699 1218 727 sa
1240 686 1296 728 V.
1325 686 1378 727 P.
1404 686 1521 728 bene
1543 686 1586 728 13
1616 699 1807 741 persona
1833 685 1878 727 di
1911 688 1988 729 D.:

363 764 409 806 in
432 763 707 819 ingolstadio
737 770 861 806 tanta
883 762 1132 805 mutatione
1155 762 1199 804 di
1222 761 1395 814 rettori,
1422 769 1466 804 et
1495 763 1755 805 finalmente
1786 777 1878 805 vno
1910 765 1994 807 che

364 841 478 883 saria
495 842 646 883 buono
670 839 746 896 piu
769 855 848 896 per
871 839 1074 882 ministro
1097 846 1142 882 et
1165 854 1258 882 non
1281 841 1338 881 ha
1361 839 1587 882 authorita
1608 841 1622 860 ²
1649 847 1735 883 etc.
1762 847 1783 867 a
1810 847 1855 884 et
1875 841 1918 883 la
1940 840 1996 882 li-

363 919 490 961 berta
512 917 615 960 delli
639 917 782 960 nostri
803 916 989 969 dottori,
1016 917 1207 960 essendo
1236 922 1362 972 parte
1389 917 1507 959 della
1534 916 1781 960 vniuersita
1811 924 1918 961 etc.:
1950 924 1996 961 et

364 995 409 1037 in
432 994 672 1038 Monachio
694 994 724 1036 il
749 995 801 1037 P.
836 994 979 1036 Paulo
1010 995 1023 1015 ⁵
1057 1008 1234 1049 sempre
1266 994 1499 1048 aspirabat
1527 994 1813 1036 uehementer
1845 1009 1871 1037 a
1902 1009 1993 1037 non

363 1074 501 1116 esser’
534 1079 716 1123 rettore,
749 1080 794 1115 et
822 1086 913 1114 non
942 1073 977 1114 s’
998 1071 1259 1127 applicaua,
1297 1078 1342 1115 et
1373 1071 1418 1113 in
1449 1070 1554 1113 tutti
1582 1070 1611 1112 li
1645 1071 1821 1127 collegij
1858 1071 1991 1115 etiam

365 1156 487 1192 tanta
511 1148 759 1192 mutatione
781 1150 837 1192 de
858 1148 1024 1200 lettori,
1051 1147 1127 1203 poi
1156 1147 1290 1192 etiam
1323 1148 1547 1191 mandarsi
1576 1162 1767 1204 persone
1800 1155 1987 1201 tentate,

364 1241 390 1268 0
413 1226 457 1268 di
480 1241 591 1281 poco
614 1225 788 1282 spiritu,
814 1233 859 1269 et
882 1227 1016 1268 credo
1039 1227 1123 1268 che
1145 1226 1169 1268 6
1192 1240 1280 1268 vna
1302 1239 1417 1281 gran
1439 1239 1575 1269 causa
1597 1240 1687 1268 non
1718 1228 1854 1269 esser’
1887 1225 1992 1268 stati

365 1303 409 1344 in
433 1303 699 1358 probatione
721 1304 763 1345 13
785 1303 1008 1359 maggior'
1034 1310 1160 1358 parte
1183 1304 1238 1345 de
1261 1302 1397 1357 quelli
1420 1304 1504 1346 che
1536 1317 1652 1345 sono
1687 1318 1790 1358 qua,
1828 1310 1872 1347 et
1902 1318 1992 1346 non

366 1380 545 1424 hauersi
568 1380 842 1424 essercitado
865 1381 969 1424 nell'
995 1380 1197 1423 oratione
1219 1394 1347 1423 come
1370 1379 1406 1422 si
1429 1387 1645 1436 puoteua3
1674 1387 1718 1423 et
1741 1395 1853 1422 sono
1881 1381 1993 1424 altre

364 1472 514 1508 cause,
542 1472 613 1500 ma
636 1458 784 1512 quella
806 1472 897 1499 non
919 1456 1107 1500 13561310
1130 1456 1175 1499 (11
1197 1456 1308 1508 (1116,
1342 1458 1427 1500 6116
1449 1456 1508 1498 1111
1532 1471 1638 1512 pare
1667 1472 1692 1499 a
1724 1472 1797 1500 me
1825 1457 1992 1512 princi—

365 1535 478 1589 pale,
505 1536 588 1577 che
611 1534 758 1577 insino
782 1549 870 1589 qua
892 1534 920 1576 il
944 1533 1218 1590 prouinciale
1237 1548 1327 1576 non
1344 1536 1401 1576 ha
1424 1533 1620 1585 visitato,
1642 1535 1834 1577 essendo
1857 1548 1996 1576 occu—

364 1619 467 1666 pato
491 1611 536 1652 in
560 1612 671 1653 altro
694 1612 709 1631 4
734 1618 842 1664 etc.,
868 1619 912 1655 et
935 1611 1255 1666 specialmente
1282 1612 1493 1654 hauendo
1522 1613 1636 1653 satta
1673 1618 1797 1653 tanta
1830 1612 1994 1654 absen-

365 1687 441 1739 tia,
468 1687 609 1743 prima
632 1703 711 1744 per
732 1689 774 1730 la
797 1687 1167 1744 congregatione,
1194 1687 1312 1743 dipoi
1342 1702 1420 1743 per
1442 1688 1483 1730 la
1504 1687 1731 1740 missione,
1757 1690 1842 1731 6116
1866 1688 1993 1743 quasi

365 1764 409 1806 in
433 1766 535 1820 quel
558 1773 708 1820 tempo
731 1765 1022 1809 declinorono
1044 1765 1182 1807 molto
1203 1765 1244 1807 16
1267 1779 1371 1808 6056
1394 1765 1438 1807 di
1468 1772 1627 1819 questa
1655 1764 1903 1820 prouincia.
1937 1766 1993 1807 Et

366 1842 572 1884 uenendo
592 1841 665 1883 alli
692 1841 959 1905 particolarih,
986 1841 1031 1883 in
1056 1849 1205 1897 tempo
1228 1843 1284 1884 de
1314 1844 1450 1884 Mtro.
1484 1841 1702 1896 Dionysio
1737 1843 1750 1863 ⁵
1785 1841 1821 1884 si
1853 1841 1992 1898 piglio

364 1919 522 1969 grand’
550 1919 787 1962 occasione
809 1918 854 1960 in
876 1918 1076 1974 Dilinga,
1103 1925 1148 1961 et
1170 1919 1242 1960 all'
1269 1920 1378 1960 hora
1408 1918 1446 1961 si
1469 1928 1673 1974 'corrupe
1711 1920 1923 1961 Conrado
1957 1921 1990 1971 ⁶,

364 1995 537 2037 benche
562 1996 621 2037 mi
644 1996 805 2038 (1160110
829 1995 965 2050 quelli
988 1997 1072 2039 che
1094 1996 1137 2038 lo
1161 2010 1468 2051 cognosconO,
1494 2002 1540 2038 et
1562 2010 1674 2038 sono
1696 1995 1800 2038 stati
1823 2010 1908 2038 con
1931 1995 1995 2038 lui

364 2071 409 2112 in
434 2073 589 2124 Roma,
616 2075 699 2115 che
723 2088 900 2128 sempre
922 2073 1015 2115 vise
1039 2073 1079 2115 la
1102 2073 1311 2115 simulato
1345 2079 1389 2116 et
1416 2072 1460 2114 di
1490 2063 1606 2115 mala
1641 2080 1779 2124 sorte,
1820 2080 1865 2116 et
1897 2075 1990 2128 par'

435 2202 454 2221 a
510 2204 545 2230 ΙΙ
570 2197 687 2231 verba
706 2208 812 2243 seqq.
835 2196 873 2231 in
893 2208 1014 2242 marg.
1035 2197 1182 2233 addidit
1201 2197 1291 2233 libr.

437 2298 445 2316 ¹
498 2295 696 2331 Canisius.

431 2356 444 2375 ⁶.»
495 2355 637 2389 Rector
661 2355 975 2401 ingolstadiensis
1001 2362 1082 2392 erat
1107 2358 1154 2392 Ρ.
1185 2357 1373 2393 Martinus
1391 2357 1650 2402 ‚Leibenstain
1676 2357 1785 2401 (alias
1813 2358 1991 2393 Leuben-

362 2413 489 2457 stain).
513 2413 611 2448 Vide
631 2426 717 2460 pag.
749 2415 828 2459 167,
854 2423 985 2450 annot.
1012 2426 1046 2451 2.
1074 2416 1180 2451 Idem
1206 2417 1253 2451 de
1275 2418 1346 2452 hoc
1372 2417 1485 2451 Patre
1500 2416 1690 2462 judicavit
1715 2417 1762 2451 P.
1793 2416 1988 2452 Canisius.

361 2471 460 2506 Vide
481 2472 563 2517 ejus
583 2473 767 2518 epistolas
786 2483 829 2518 25
850 2474 943 2519 Julii
967 2475 1069 2521 1566,
1089 2481 1128 2510 et
1150 2475 1191 2510 18
1211 2476 1452 2523 Septembris
1475 2476 1563 2520 1567
1581 2476 1708 2511 datas.

433 2532 447 2551 ⁵
498 2532 697 2567 Hoffaeus.

432 2592 446 2612 ‘⁴
496 2591 542 2626 B.
570 2592 706 2626 Petrus
726 2591 921 2635 Canisius,
939 2593 1003 2639 qui
1022 2593 1178 2639 quidem
1197 2594 1235 2628 in
1261 2595 1423 2640 epistola
1450 2594 1513 2629 die
1537 2595 1558 2629 6
1584 2594 1679 2640 Julii
1708 2594 1797 2638 1566
1824 2594 1989 2639 Borgiae

359 2649 449 2684 data
467 2649 572 2684 dolet
590 2650 664 2685 sibi
683 2650 929 2696 provincialis
955 2663 1093 2687 munus
1111 2653 1361 2688 commissum
1380 2653 1500 2688 fuisse
1520 2653 1633 2688 simul
1653 2665 1740 2688 curn
1760 2652 1886 2688 officio
1901 2664 1990 2688 con·

357 2708 537 2743 cionandi
557 2708 594 2743 in
613 2710 824 2744 cathedrali
843 2716 1071 2755 augustana,
1093 2712 1208 2755 unde,
1227 2713 1432 2759 quominus
1458 2712 1623 2758 collegia
1648 2714 1844 2758 lustraret,
1871 2712 1991 2758 impe-

359 2767 557 2804 diebatur.
581 2768 680 2803 Vide
699 2768 870 2815 append.
896 2770 969 2804 XI.

429 2829 443 2848 ⁵
493 2828 684 2862 Henricus
704 2827 931 2874 Dionysius,
950 2829 1015 2874 qui
1034 2841 1133 2864 anno
1156 2824 1244 2875 1564
1264 2837 1388 2866 rector
1407 2837 1446 2866 et
1465 2843 1597 2866 sacrae
1623 2830 1843 2877 theologiae
1869 2832 1991 2866 lector

354 2886 542 2930 dilingani
561 2887 716 2931 collegii
735 2887 978 2923 renuntiatus
998 2888 1088 2924 fuit.
1114 2890 1306 2936 HANSEN,
1328 2891 1403 2926 loc.
1428 2891 1519 2937 cit.‚
1540 2902 1634 2937 pag.
1657 2889 1743 2936 493.
1775 2889 1836 2926 Cf.
1868 2890 1992 2925 AGRI-

358 2954 513 2990 COLAM,
534 2946 604 2981 106.
626 2946 718 2992 cit.‚
739 2947 768 2988 I,
790 2947 892 2982 Dec.
918 2947 988 2992 ΙΙΙ,
1009 2959 1050 2983 11.
1080 2947 1165 2983 130.

431 3007 444 3026 ¹³
493 3004 735 3050 Swagerius.
