2101 3348
764 234 809 260 20
835 225 1068 261 FEBRUARH
1097 224 1187 270 1567
1677 225 1746 272 369

158 329 216 371 sit
234 329 481 370 nobiscum.
503 330 573 371 Da
592 326 844 384 Magantia,
866 326 940 369 alli
960 339 1015 370 20
1034 327 1090 371 de
1107 327 1291 370 Genaro
1310 327 1435 382 1567.
1457 328 1514 370 D.
1536 328 1594 371 V.
1618 330 1690 382 P.,
1711 342 1791 384 per

161 405 476 448 commissione
499 406 572 448 del
595 405 740 449 Padre
762 403 1013 458 visitatore,
1038 403 1197 447 inutile
1219 417 1353 446 seruo
1376 403 1422 446 in
1446 404 1644 458 Christo,

1306 483 1550 524 XIMENEZ.

253 560 309 601 In
332 563 497 615 quarta
513 560 693 616 pagina
712 574 724 600 .·
756 559 876 601 Ihus.
906 559 962 601 A]
992 559 1129 601 molto
1164 559 1280 602 Rdo.
1309 561 1361 601 P.
1388 560 1444 601 N.
1472 558 1518 600 in
1540 558 1739 611 Christo,
1765 559 1796 601 il

165 637 217 679 Ρ.
260 638 514 679 Franeeseo
547 636 591 678 di
632 634 814 692 effigia,
849 634 1076 691 preposito
1109 635 1320 691 generale
1360 635 1476 679 della
1514 635 1703 692 Compf‘·
1740 636 1797 680 de

162 712 322 766 Giessi,
348 720 434 755 ete.
462 715 619 756 Roma.
651 712 757 755 Alia
780 726 936 763 manu,
960 715 1008 753 ut
1031 712 1221 764 videtur,
1246 713 1304 754 P.
1332 712 1516 754 Natalis
1539 728 1551 754 .·
1580 727 1622 768 p.
1649 727 1690 755 e.
1717 727 1783 754 m.

161 791 282 832 Alia:
306 789 559 846 Moguntia.
590 792 641 833 P.
668 788 818 844 Diego
842 788 1075 832 Ximenez.
1104 800 1159 830 20
1183 788 1229 830 di
1250 789 1427 831 Genn.⁰
1452 789 1524 843 67.
1552 789 1606 833 C.
1633 789 1792 846 Sigilli

161 868 422 923 vestigium.

922 957 1041 997 464

602 1045 653 1086 Ρ.
689 1043 1102 1086 HIERONYMUS
1136 1043 1354 1086 NADAL

498 1117 737 1155 SANCTO
772 1117 1121 1155 FRANCISCO
1159 1119 1235 1153 DE
1271 1117 1468 1165 BORJA

609 1191 868 1229 MOGUNTIAE,
891 1192 936 1218 20
949 1192 1178 1220 FEBRUARII
1199 1183 1288 1228 1567
1308 1183 1339 1219 ¹.
1361 1229 1365 1232 .
1418 1222 1424 1224 ,

164 1268 198 1293 l.
225 1258 276 1293 P.
301 1257 491 1302 Marquez
509 1256 678 1290 Romam
696 1267 786 1290 cum
809 1255 924 1290 sociis
943 1256 1146 1301 pervenit:
1169 1256 1216 1290 de
1240 1256 1367 1290 tribus
1391 1256 1651 1303 reginis.—-2.
1686 1255 1798 1291 Cura

203 1316 511 1364 provinciarum
529 1314 774 1349 Germaniae
789 1313 931 1349 Natali
944 1315 1230 1356 demandatur,
1246 1316 1368 1350 donec
1381 1317 1633 1350 caeterarum
1650 1315 1798 1350 lustra—

207 1377 353 1411 tionem
368 1374 569 1421 perficiat:
587 1373 806 1420 difficultas
825 1374 1070 1420 proponitur
1088 1377 1124 1409 et
1146 1374 1318 1409 solvitur
1336 1374 1384 1409 ab
1402 1375 1591 1421 ipso.*-3.
1619 1373 1798 1409 cuinam

197 1435 433 1482 provinciae
451 1434 666 1480 collegium
683 1433 950 1479 herbipolense
969 1433 1276 1469 adscribendum
1294 1434 1358 1477 sit,
1380 1434 1423 1469 in
1441 1437 1627 1481 suspenso
1645 1437 1796 1469 manet:

203 1496 250 1530 de
289 1493 531 1540 {Volfgango
555 1495 590 1527 et
610 1492 878 1539 provincialis
907 1493 1183 1539 aegritudine:
1208 1494 1388 1540 Borgiae
1418 1505 1497 1528 non
1516 1494 1715 1540 probatur
1739 1494 1798 1528 di-

203 1554 339 1589 missio
356 1565 375 1589 e
400 1554 605 1590 Societate‚
626 1552 726 1586 votis
750 1552 951 1586 insolutis:
976 1553 1153 1588 rationes
1171 1565 1196 1587 a
1215 1552 1359 1588 Natali
1376 1554 1606 1600 propositae
1625 1557 1703 1600 pro
1723 1554 1800 1588 tali

205 1614 540 1655 dimissione—4.
557 1611 617 1646 De
634 1611 794 1658 collegii
812 1612 1071 1646 olomucensis
1090 1612 1357 1648 institutione:
1377 1612 1520 1648 Lanoii
1535 1611 1798 1660 Oenipontem

204 1673 420 1708 translatio
452 1671 702 1717 imperatrici
728 1671 863 1705 minus
884 1674 1012 1718 grata
1038 1672 1226 1707 accidisse
1253 1673 1428 1715 videtur,
1449 1672 1538 1707 licet
1564 1684 1797 1708 consensum

209 1733 294 1779 ipsa
322 1731 548 1777 praebuisse
571 1731 921 1773 existimetur.—5.
955 1730 1121 1766 Nuntiis
1145 1731 1219 1766 sibi
1243 1744 1268 1766 a
1294 1732 1451 1778 Borgia
1476 1732 1608 1766 missis
1628 1733 1798 1779 gaudet:

208 1794 255 1828 de
275 1793 324 1827 P.
350 1792 496 1826 Araoz:
515 1790 680 1836 collegio
701 1801 867 1824 romano
885 1792 921 1825 et
936 1791 1169 1836 provinciae
1189 1790 1435 1826 Germaniae
1452 1790 1590 1826 utilem
1600 1790 1697 1837 fore
1716 1794 1799 1837 spe-

209 1855 274 1887 rat
295 1851 526 1887 Carranzae
542 1849 814 1895 praesentiam
834 1849 875 1883 in
902 1849 1108 1884 Urbe—6.
1139 1850 1200 1884 De
1218 1850 1386 1897 collegio
1411 1849 1623 1897 Dilingae:
1642 1851 1688 1885 de
1712 1851 1798 1886 her-

207 1912 412 1958 bipolensi:
437 1912 606 1944 mentem
630 1909 804 1956 Borgiae
823 1909 869 1943 de
889 1907 1072 1951 formula
1090 1909 1353 1956 collegiorum
1369 1910 1711 1945 instituendorum
1730 1922 1796 1945 no-

205 1983 308 2007 scere
327 1971 450 2016 cupit:
475 1969 520 2004 de
540 1968 588 2003 P.
606 1968 727 2003 Petro
746 1967 909 2013 Haupt:
936 1968 982 2003 de
999 1967 1191 2013 juvanda
1221 1966 1461 2003 Germania:
1481 1969 1527 2004 de
1552 1969 1797 2005 absolutione

202 2031 509 2066 haereticorum:
523 2029 570 2063 de
580 2028 782 2062 dotatione
793 2027 934 2062 domus
945 2027 1293 2073 probationis—7.
1308 2027 1493 2063 Delectus
1507 2029 1797 2063 mittendorum

204 2091 388 2125 Romam:
403 2090 449 2123 cle
468 2088 513 2122 P.
531 2088 651 2122 Petro
670 2087 792 2121 Phae.-
807 2086 992 2132 pontifex
1011 2085 1228 2121 Germanis
1238 2086 1371 2133 favet:
1389 2088 1436 2122 de
1453 2087 1588 2123 sodale
1606 2088 1796 2134 Baptista

201 2153 371 2185 sartore:
384 2148 566 2183 sacerdos
582 2147 775 2192 hispanus
799 2146 1048 2180 Vindobonae
1067 2146 1384 2181 desideratur.-
1395 2146 1436 2181 8.
1458 2146 1709 2182 Documenta
1719 2150 1796 2194 pro

203 2210 288 2245 vita
304 2209 344 2243 S.
368 2208 524 2255 Ignatii
537 2206 816 2242 conscribenda
831 2217 856 2239 a
871 2205 1027 2251 Borgia
1042 2206 1320 2251 postulantur:
1340 2205 1586 2241 Germaniae
1601 2207 1796 2253 catalogi.-

203 2269 342 2303 domus
357 2267 728 2302 catechumenorum
745 2264 908 2299 Romae:
933 2264 1208 2309 inquisitionis
1226 2264 1423 2300 tribunal:
1439 2265 1653 2312 collegium
1670 2265 1796 2300 Socie-

205 2328 314 2362 tatis:
335 2327 478 2373 praxis
495 2324 642 2360 orandi
660 2324 703 2359 in
726 2322 949 2358 Germania
961 2322 1162 2369 fovenda:
1182 2323 1230 2358 de
1248 2324 1403 2359 doctore
1428 2323 1587 2359 Torres:
1610 2326 1793 2359 votorum

205 2387 404 2422 relaxatio
420 2389 494 2432 pro
514 2385 577 2426 iis,
603 2384 672 2429 qui
695 2383 976 2418 dimittuntur:
1001 2395 1056 2417 an
1080 2383 1264 2418 catholici
1287 2384 1421 2419 adesse
1440 2384 1595 2430 possint
1621 2384 1796 2429 exequiis

205 2446 602 2486 haereticorum.-9.
638 2444 784 2477 Vinum
815 2453 922 2487 aqua
947 2443 1270 2488 temperandum:
1296 2443 1343 2478 de
1367 2444 1612 2489 hipocausto:
1637 2443 1796 2490 dialogi

207 2507 255 2540 Ρ.
276 2502 564 2539 Ribadeneirae
583 2503 628 2537 de
645 2501 838 2549 profugis
855 2513 873 2536 e
894 2501 1107 2536 societate:
1125 2502 1172 2537 de
1191 2502 1242 2536 P.
1263 2501 1481 2537 Sclzoritio:
1502 2501 1665 2537 Natalis
1686 2501 1794 2537 Colo·

207 2565 319 2600 niam
334 2565 453 2610 petit:
478 2562 710 2598 trevirensis
727 2560 1013 2607 archiepiscopi
1031 2560 1174 2595 obitus.

253 2655 289 2686 1.
348 2643 478 2700 Jhus.
506 2640 648 2684 Molto
671 2639 784 2682 Rdo.
813 2639 865 2681 P.
892 2638 949 2681 N.
976 2637 1023 2679 in
1052 2637 1250 2681 Christo.
1283 2640 1380 2681 Pax
1408 2638 1595 2691 Christi,
1629 2646 1717 2681 etc.
1744 2640 1794 2682 In

231 2802 241 2823 ¹
291 2802 348 2836 Ex
371 2801 595 2846 archetypo,
626 2810 647 2833 a
678 2797 856 2844 Jimenez
887 2801 1062 2842 exarato,
1090 2801 1130 2831 et
1160 2795 1312 2831 Natalis
1339 2807 1456 2831 manu
1486 2796 1720 2843 subscripto,
1754 2797 1792 2831 in

159 2860 287 2907 Epist.
307 2860 464 2903 Natal.‚
486 2859 536 2901 Π,
555 2855 797 2904 quadruplici
815 2854 896 2898 fol„
921 2863 983 2900 171
1005 2854 1211 2899 (520-523).
1236 2853 1337 2890 Vide
1356 2854 1471 2902 epist.
1498 2862 1582 2900 454,
1602 2863 1685 2901 455,
1706 2855 1790 2901 458,

158 2919 241 2965 451,
259 2925 298 2954 et
314 2919 396 2964 462,
409 2918 550 2965 quibus
563 2918 636 2952 hae
650 2917 806 2952 litterae
819 2914 1076 2961 respondent.
1097 2915 1226 2958 Plura,
1243 2925 1367 2961 eaque
1382 2914 1541 2949 minime
1557 2914 1789 2961 spernenda,

160 2977 390 3013 documenta
408 2978 446 3012 in
464 2978 535 3011 hac
553 2975 715 3022 epistola
738 2985 760 3009 a
785 2972 914 3009 Natali
933 2973 1044 3009 nobis
1068 2972 1204 3009 relicta
1228 2978 1332 3015 sunt,
1352 2973 1494 3020 quibus
1522 2973 1730 3009 Societatis
1751 2973 1789 3008 in

164 3037 371 3072 Germania
388 3035 548 3071 historia
566 3033 678 3069 ditari
697 3033 853 3080 poterit.

343 3101 458 3129 Emsr.
482 3100 519 3128 P.
541 3099 673 3131 NADAL.
694 3105 767 3126 τοΜ.
789 3096 847 3125 ΙΙΙ.
1580 3096 1618 3125 24
