2101 3348
924 208 1146 244 APPENmX
1733 207 1802 254 805

215 324 343 361 uum,
375 316 424 351 vt
451 308 541 352 illic
570 309 656 352 isto
684 310 887 353 aduentu
917 309 1160 354 conciones
1189 311 1246 353 ad
1283 311 1501 366 populum
1540 310 1772 362 haberem,
1807 317 1855 354 et

217 369 315 425 ipse
347 369 643 411 Cameracum
672 369 821 412 rediit.
856 370 1033 413 Interea
1063 369 1202 413 abbas
1235 370 1624 424 aquaecinctensis
1656 383 1854 413 consen—

220 443 321 471 sum
345 442 529 470 suorum
552 430 877 470 monachorum
900 428 1043 483 petiit,
1069 443 1204 484 quem
1227 429 1437 481 obtinuit,
1465 429 1647 473 nemine
1669 436 1852 472 contra-

223 487 418 538 dicente,
446 493 493 528 vt
516 487 758 543 collegium
782 487 997 532 Societati
1019 488 1272 544 erigeretur
1295 502 1399 531 cum
1422 489 1601 532 redditu
1626 488 1746 531 mille
1768 489 1854 530 flo-

223 560 451 597 renorum,
479 553 524 589 et
548 554 779 601 praeterea
801 546 914 590 aliae
942 547 1060 591 duae
1087 547 1390 591 habitationes
1419 564 1444 591 a
1472 548 1666 604 collegio
1695 554 1854 590 nostro

222 605 477 656 distinctae,
505 606 644 648 altera
666 620 747 660 pro
770 605 1080 649 sacerdotibus
1104 606 1268 650 futuris
1296 607 1569 662 pastoribus,
1602 608 1743 650 altera
1770 621 1854 663 pro

217 663 583 766 εὲοὲθεξῗηῒὼαε
625 664 893 709 studiosis...
933 665 1112 710 Scribet
1152 667 1241 710 late
1278 667 1331 710 P.
1371 666 1545 710 Natalis
1582 667 1638 709 de
1675 668 1762 709 hac
1805 680 1855 710 re

217 738 245 766 a
343 759 350 767 .

986 844 1088 886 LXI

381 936 660 972 EXCERPTA
686 937 754 972 EX
781 936 1036 974 HISTORIA
1063 937 1311 975 COLLEGII
1337 936 1692 976 LOVANIENSIS

871 1021 1009 1063 Anno
1039 1023 1148 1076 1567
1172 1023 1200 1066 ¹.

626 1115 788 1150 Natalis
801 1115 1014 1168 qollegium
1034 1115 1260 1151 lovaniense
1280 1116 1441 1152 lustrat.

311 1200 448 1243 Anno
477 1200 609 1253 1567,
638 1201 688 1242 P.
723 1198 1031 1254 Hieronymus
1059 1199 1234 1243 Natalis
1261 1214 1364 1242 cum
1395 1201 1447 1242 P.
1474 1197 1685 1242 Ximenio
1715 1197 1856 1240 colle-

221 1259 350 1316 gium
373 1260 462 1301 hoc
483 1258 681 1301 visitavit
705 1265 765 1311 et,
786 1259 907 1312 quod
925 1258 970 1300 in
993 1273 1048 1301 eo
1067 1259 1366 1311 obedientiae,
1388 1258 1634 1309 charitatis,
1657 1271 1709 1299 ac
1731 1271 1856 1299 mor-

220 1317 482 1362 tificationis
500 1318 699 1360 studium
722 1317 1008 1372 potissimum
1031 1318 1223 1374 vigeret,
1244 1333 1410 1373 magna
1427 1333 1476 1361 se
1493 1319 1727 1372 voluptate
1750 1330 1855 1372 per-

219 1378 349 1421 fundi
372 1392 508 1432 saepe
532 1384 723 1421 testatus
746 1384 830 1429 est,
851 1378 964 1420 adeo
988 1384 1036 1419 ut
1066 1378 1140 1420 hic
1164 1385 1383 1432 perpetuo
1406 1378 1574 1432 degere
1597 1381 1851 1431 exoptaret3

217 1452 287 1489 ac,
308 1451 388 1480 seu
413 1444 462 1478 ut
484 1437 632 1479 victus
654 1436 795 1478 nostri
818 1437 1104 1492 asperitatem
1130 1437 1174 1479 ui
1197 1437 1479 1479 voluntariae
1498 1435 1739 1491 patientiae
1757 1448 1855 1476 ma—

216 1496 378 1540 teriam
399 1498 614 1549 traheret,
640 1510 720 1538 seu
742 1504 793 1538 ut
816 1498 1021 1552 exemplo
1044 1496 1190 1539 socios
1219 1497 1523 1547 confirmaret,
1551 1502 1646 1537 atro
1670 1508 1789 1549 pane
1812 1500 1858 1535 et

217 1556 376 1609 veteri,
403 1563 603 1611 potuque
626 1555 922 1598 frumentario
945 1555 1011 1598 uti
1041 1557 1177 1598 homo
1201 1555 1416 1610 hispanus
1446 1553 1665 1605 instituit,
1692 1566 1856 1595 verum

217 1630 323 1658 cum
342 1615 719 1658 animadverteret
738 1622 885 1658 rector
902 1614 999 1658 eius
1017 1615 1232 1657 inusitata
1253 1617 1337 1657 hac
1357 1613 1687 1670 peregrinaque
1703 1612 1855 1654 diaeta

218 1675 352 1718 atteri
374 1674 509 1727 vires,
535 1689 587 1716 ea
609 1674 686 1726 illi,
714 1675 770 1716 ad
793 1674 935 1716 morbi
959 1676 1083 1729 quod
1105 1674 1368 1718 imminebat
1397 1673 1649 1729 periculum
1669 1671 1856 1727 propul-

220 1735 428 1786 sandum,
454 1733 698 1777 interdixit.
728 1735 792 1775 Eo
817 1742 1069 1789 praesente,
1090 1741 1218 1776 actus
1242 1733 1314 1775 hic
1338 1731 1623 1789 provincialis
1652 1744 1855 1773 conven-

220 1800 310 1845 tus,
337 1793 379 1835 in
406 1807 494 1847 quo
526 1795 576 1835 P.
606 1793 938 1836 Maximilianus
967 1794 1152 1848 Capella
1182 1792 1441 1848 provinciae
1474 1792 1611 1835 rebus
1644 1789 1857 1833 curandis

220 1852 345 1896 Patri
367 1852 569 1908 generali
591 1852 873 1896 declarandis
895 1859 964 1895 est
987 1853 1215 1896 electus...

974 1984 1095 2025 LXII

443 2071 512 2105 EX
539 2070 775 2106 LITTERIS
804 2071 1003 2106 ANNUIS
1031 2070 1281 2108 COLLEGII
1309 2069 1626 2106 AUGUSTANI

869 2155 1007 2197 Anno
1036 2155 1145 2208 1567
1164 2154 1197 2198 2.

628 2243 760 2278 Multa
779 2255 804 2277 a
822 2242 965 2278 Natali
977 2230 1204 2289 prudentes
1219 2242 1449 2277 constituta.

388 2327 528 2370 Rdus.
557 2328 692 2370 Pater
714 2326 917 2370 visitator
939 2332 1180 2381 antequam
1200 2325 1472 2369 Germaniae
1500 2323 1724 2367 inferioris
1746 2337 1851 2378 par-

219 2393 289 2431 tes
311 2393 500 2442 peteret,
526 2387 666 2428 multa
688 2401 769 2442 pro
791 2400 873 2428 sua
894 2385 1132 2441 prudentia
1148 2385 1381 2428 constituit
1403 2384 1529 2427 utilia
1553 2384 1623 2426 vel
1640 2396 1850 2426 necessa-

220 2446 287 2489 ria
318 2446 394 2488 hic
427 2446 722 2501 degentibus,
754 2445 830 2500 qui
858 2458 1035 2500 semper
1067 2446 1161 2489 fere
1193 2447 1278 2487 hoc
1310 2459 1431 2487 anno
1460 2451 1632 2498 septem
1661 2441 1847 2493 fuimus,

219 2507 478 2549 sacerdotes
502 2514 608 2557 tres,
635 2504 793 2559 reliqui
815 2504 931 2547 laici.

286 2612 295 2631 ¹
349 2613 406 2646 Ex
423 2612 571 2657 codice,
590 2612 653 2647 cui
672 2611 821 2646 titulus:
842 2611 1028 2645 Historia
1046 2610 1206 2657 collegii
1220 2610 1428 2645 Societatis
1434 2608 1535 2655 jesu
1553 2608 1848 2651 Lovanii1542-

210 2670 324 2715 1695,
344 2670 383 2706 in
403 2671 607 2706 «Archivis
625 2670 875 2716 generalibus
894 2669 1044 2715 regni»,
1063 2669 1272 2712 Bruxellis,
1292 2668 1358 2704 fol.
1380 2677 1420 2703 21
1443 2680 1484 2703 V.
1510 2669 1595 2703 Hoc
1622 2677 1830 2701 monumen

209 2734 293 2765 turn
311 2730 423 2765 nobis
443 2730 685 2777 transcripsit
704 2729 779 2765 Ed.
810 2729 962 2765 Laloire
989 2740 1038 2764 ex
1064 2729 1200 2764 codice
1223 2729 1355 2764 eitat0.
1382 2727 1483 2762 Vide
1509 2727 1624 2774 epist.
1652 2734 1734 2770 5103
1762 2733 1846 2770 512:

211 2788 295 2834 5133
315 2794 355 2824 et
374 2789 456 2833 518.

283 2850 296 2869 2
347 2849 405 2883 Ex
428 2847 524 2883 Cocl.
550 2857 601 2892 29
616 2848 679 2895 g),
702 2847 770 2883 266
791 2846 905 2894 (436).
