2101 3348
319 206 386 242 328
837 205 976 239 EPIST.
1003 202 1048 237 P.
1077 202 1346 247 NADAL-456

267 322 357 350 non
374 306 478 349 delli
501 305 672 362 negotij
697 306 754 349 de
776 305 881 361 quel
903 303 1111 360 collegio,
1138 317 1217 359 per
1238 305 1376 347 esser'
1402 302 1539 358 quelli
1567 303 1764 345 anchora
1791 316 1906 358 pen-

266 382 404 426 denti.
430 382 564 438 Dipoi
581 382 732 425 scrissi
754 397 843 425 vna
865 382 1024 425 lettera
1048 381 1104 423 da
1127 380 1449 436 Aschemburg
1475 381 1505 432 ¹,
1526 394 1605 435 per
1621 379 1665 422 la
1681 379 1904 423 necessita

265 466 457 516 urgente
481 461 523 502 d’
555 461 711 504 hauer’
738 458 1001 502 risolutione
1028 459 1102 501 nel
1123 472 1228 501 caso
1257 459 1300 500 d’
1326 458 1555 501 assoluere
1583 455 1762 512 relapsi,
1788 463 1896 509 etc.,

261 536 453 580 dicendo
483 538 679 579 anchora
711 537 908 579 breuiter
939 536 1057 580 della
1092 534 1306 578 missione
1328 536 1383 578 de
1412 537 1546 578 Mtro.
1588 533 1740 577 Pietro
1774 534 1899 576 colo-

262 614 417 657 niense
446 614 477 656 2.
511 615 560 656 Ι11
594 620 754 669 questa
785 613 882 656 diro
920 627 1006 656 con
1043 614 1086 655 la
1123 611 1270 669 gratia
1304 612 1377 656 del
1405 611 1599 668 Signore
1637 611 1786 666 quello
1814 612 1900 655 che

261 698 440 734 restaua
461 690 556 733 dire
578 691 634 734 de
657 690 859 747 Dilinga,
885 698 930 733 et
961 690 992 732 il
1010 697 1130 733 resto
1166 689 1299 733 insin'
1341 705 1367 732 3
1404 691 1549 745 quest'
1570 691 1696 732 hora.
1737 690 1789 731 In
1816 688 1901 731 Di-

263 767 386 823 linga
422 767 459 810 si
497 774 640 812 attese
678 768 767 810 co'l
807 767 1035 812 cardinale
1064 782 1090 810 a
1127 767 1247 810 rifar'
1293 766 1476 810 alchuni
1513 766 1639 822 loghi
1675 765 1721 808 di
1754 766 1903 821 quella

260 845 471 888 scrittura
494 860 589 888 sua.
618 846 676 888 Et
698 853 870 900 quanto
893 846 934 888 31
958 845 1119 901 primo,
1145 859 1225 900 per
1253 844 1409 889 sentir'
1435 843 1510 886 noi
1539 859 1653 900 poca
1682 843 1899 897 efficacia,

260 923 458 978 parendo
481 924 564 966 che
587 922 617 965 il
635 922 862 966 cardinale
885 924 1075 968 uuolese
1098 923 1301 979 obligare
1323 922 1353 964 li
1375 922 1475 965 suoi
1493 921 1761 974 successori,
1787 921 1818 964 li
1835 923 1904 966 fe-

258 999 375 1042 cimo
400 1002 576 1043 metter'
602 1014 693 1043 una
716 1001 935 1053 clausula,
957 1002 1077 1045 (10116
1099 1000 1302 1056 supplica
1325 1016 1350 1044 a
1373 1001 1421 1044 S.
1449 1001 1545 1044 Sta.
1572 1001 1658 1043 che
1679 1013 1735 1042 ex
1750 1000 1901 1056 pleni-

259 1077 413 1119 tudine
430 1079 662 1133 potestatis
698 1078 824 1135 vogli
863 1078 1068 1135 obligare
1090 1078 1120 1120 li
1152 1077 1420 1130 successori,
1447 1084 1556 1130 etc.,
1581 1078 1624 1120 la
1654 1078 1787 1132 quale
1808 1079 1901 1133 puo

260 1155 424 1198 uedere
448 1156 502 1198 V.
528 1157 577 1198 P.
606 1156 679 1199 nel
702 1155 875 1199 scritto:
902 1162 947 1200 et
969 1156 1062 1199 cosi
1085 1171 1176 1199 non
1200 1155 1239 1199 ci
1263 1157 1287 1198 6
1305 1169 1436 1211 passo
1459 1157 1554 1198 fare
1585 1155 1706 1198 forza
1735 1155 1777 1197 al
1798 1169 1900 1198 car-

258 1231 406 1275 dinale
429 1247 454 1275 a
477 1234 560 1276 che
583 1247 673 1275 non
696 1233 797 1276 dica
828 1234 978 1289 quello
1000 1235 1073 1277 nel
1096 1234 1271 1276 scritto.
1308 1235 1450 1289 Spero
1483 1234 1567 1276 che
1590 1234 1684 1277 Sua
1707 1234 1823 1286 Sta„
1851 1247 1900 1276 se

258 1309 366 1364 ogni
404 1310 536 1352 modo
567 1310 683 1353 nella
713 1311 834 1353 bolla
863 1325 955 1353 non
983 1311 1118 1354 uuole
1149 1311 1352 1353 districte
1380 1309 1584 1366 obligare
1613 1309 1686 1353 alli
1715 1324 1901 1354 succes-

257 1386 362 1438 sori,
384 1388 587 1430 almanco
610 1387 640 1429 li
663 1387 922 1444 significara
943 1389 986 1431 la
1007 1388 1264 1432 necessaria
1296 1396 1342 1431 et
1370 1394 1590 1444 perpetua
1621 1387 1901 1443 obligatione

257 1464 339 1505 che
362 1464 513 1506 hanno
542 1479 566 1507 a
595 1463 727 1507 simili
755 1480 908 1521 opere,
949 1465 1270 1521 specialmente
1293 1465 1339 1508 in
1371 1464 1634 1517 Germania,
1665 1464 1712 1507 in
1736 1472 1900 1519 questo

258 1546 416 1595 tempo.
441 1542 570 1585 Oltre
593 1557 618 1585 a
641 1549 819 1597 questo,
839 1557 972 1599 spero
997 1544 1082 1586 che
1104 1542 1134 1585 il
1157 1542 1401 1595 cardinale,
1423 1543 1460 1585 si
1480 1556 1610 1585 come
1628 1543 1688 1583 m’
1708 1544 1767 1584 ha
1790 1556 1900 1584 con—

258 1616 451 1671 firmato,
480 1618 665 1662 lasciara
687 1620 715 1661 l'
737 1619 913 1664 intento
936 1621 993 1664 de
1015 1622 1111 1664 fare
1134 1620 1236 1663 altri
1254 1619 1435 1675 edificij,
1457 1626 1502 1663 et
1519 1619 1722 1675 compira
1738 1620 1789 1660 itz
1806 1620 1898 1661 vita

259 1708 343 1735 sua
365 1695 395 1736 l'
420 1695 699 1751 obligatione
722 1698 807 1741 che
845 1699 919 1739 ha:
955 1704 1000 1741 et
1029 1698 1080 1739 in
1111 1711 1287 1740 omnem
1325 1700 1537 1739 euentum
1566 1710 1727 1739 sarano
1757 1695 1900 1738 nostri

260 1771 363 1813 tutti
386 1771 415 1813 li
438 1772 600 1828 edificij
626 1780 671 1817 et
700 1786 810 1828 1400
833 1774 995 1818 fioreni
1013 1774 1219 1830 perpetui
1238 1789 1322 1817 con
1346 1775 1388 1817 la
1407 1776 1524 1817 meta
1548 1773 1654 1817 delli
1677 1762 1896 1828 essercitij

260 1855 304 1891 et
328 1850 507 1892 maestri
530 1852 615 1894 che
637 1851 879 1894 habbiamo
902 1852 1081 1905 adesso,
1108 1852 1138 1893 il
1161 1853 1246 1894 che
1268 1867 1399 1908 spero
1423 1853 1522 1894 sara
1545 1865 1683 1894 causa
1700 1849 1773 1893 alli
1791 1863 1898 1892 suc-

261 1926 428 1969 cessori
452 1929 535 1971 che
565 1928 879 1986 augmentino‚
911 1944 959 1972 se
997 1929 1216 1985 vogliono
1238 1930 1280 1972 la
1313 1928 1594 1985 plenitudine
1622 1930 1707 1972 che
1739 1928 1899 1970 adesso

263 2005 302 2044 c'
327 2004 366 2045 6.
395 2004 578 2058 Quanto
602 2006 644 2048 al
668 2006 736 2048 2.⁰
759 2013 918 2062 punto,
952 2008 1200 2051 realmente
1230 2022 1306 2051 era
1344 2007 1462 2049 nella
1500 2005 1629 2063 copia
1666 2006 1722 2048 de
1752 2006 1809 2048 V.
1843 2006 1896 2047 P.

264 2094 413 2123 errore
436 2082 506 2124 del
529 2082 753 2135 scrittore,
779 2090 825 2126 et
847 2084 942 2127 cosi
965 2099 1057 2126 non
1079 2084 1119 2126 ci
1143 2100 1219 2128 era
1242 2085 1327 2128 che
1357 2085 1527 2127 mouer'
1554 2083 1722 2134 niente;
1749 2085 1901 2124 tamen

262 2170 341 2211 per
364 2158 527 2213 meglio
547 2160 785 2203 habbiamo
808 2162 1048 2204 emendato
1070 2162 1144 2204 nel
1169 2161 1389 2218 originale
1411 2160 1692 2203 sottoscritto
1711 2159 1902 2202 (131631-

262 2231 409 2276 dinale
433 2236 516 2278 che
539 2236 658 2278 dichi
681 2239 786 2292 quel
808 2239 964 2294 logho,
985 2243 1029 2280 vt
1046 2239 1087 2281 si
1105 2253 1218 2294 quae
1229 2239 1451 2294 pecuniae
1469 2252 1524 2280 ex
1540 2238 1718 2279 mulctis
1736 2240 1776 2278 et
1793 2236 1900 2278 aliis

265 2310 613 2355 accidentalibus
650 2329 677 2354 (1
715 2315 995 2358 scholaribus
1032 2317 1292 2373 exigentur,
1331 2323 1418 2358 etc.
1461 2317 1497 2358 E
1535 2315 1641 2358 ben’
1680 2328 1791 2356 uero
1814 2314 1899 2356 che

265 2394 423 2442 queste
446 2390 635 2431 mulctae
657 2405 749 2433 non
773 2391 809 2433 si
832 2394 983 2436 hanno
1007 2408 1031 2436 a
1055 2393 1236 2449 exigere
1259 2393 1375 2436 dalla
1396 2391 1694 2448 Compagnia,
1727 2407 1776 2434 se
1804 2405 1897 2432 non

264 2464 337 2506 dal
375 2465 681 2519 gubernatore
712 2470 796 2510 che
819 2470 843 2511 e
866 2469 1064 2525 giudice,
1091 2477 1136 2513 et
1159 2470 1219 2512 mi
1242 2469 1404 2512 dicono
1427 2469 1457 2511 li
1482 2468 1618 2512 Padri
1646 2467 1789 2511 nostri
1812 2468 1897 2510 che

266 2548 426 2595 queste
455 2543 645 2584 mulctae
668 2543 707 2585 ci
737 2559 898 2588 sarano
932 2561 1124 2603 sempre,
1164 2563 1244 2603 per
1280 2561 1552 2590 conseruare
1589 2547 1631 2589 la
1661 2544 1898 2600 disciplina

265 2616 371 2660 nelli
394 2619 600 2662 scholari.
630 2621 814 2675 Quanto
836 2623 877 2665 al
901 2623 967 2676 3.⁰
990 2624 1027 2666 si
1050 2625 1278 2668 contrasto
1308 2624 1383 2680 gia
1405 2623 1521 2667 assai
1543 2623 1633 2666 co’l
1654 2621 1897 2672 cardinale,

267 2701 312 2737 et
334 2709 412 2750 per
437 2704 597 2750 questo
619 2703 755 2739 conto
778 2698 815 2740 51
840 2700 935 2742 fece
958 2701 1182 2756 explicare
1204 2702 1244 2744 le
1266 2701 1383 2757 parti
1405 2702 1477 2744 del
1499 2699 1694 2756 collegio
1717 2698 1903 2753 antiquo

268 2771 313 2814 di
335 2772 382 2816 S.
410 2773 675 2826 Geronimo‚
701 2775 818 2818 doue
841 2776 878 2818 si
902 2778 1018 2820 uede
1042 2780 1125 2822 che
1149 2780 1299 2834 quello
1322 2781 1406 2822 che
1429 2777 1634 2822 offerisce
1656 2778 1742 2820 alla
1764 2776 1905 2819 Com-

266 2849 433 2905 pagnia
456 2851 480 2893 6
511 2865 671 2894 11131160
702 2851 746 2894 (11
786 2854 934 2907 quello
973 2856 1056 2897 che
1089 2857 1207 2899 daua
1236 2857 1309 2899 alli
1342 2856 1508 2911 lettori,
1539 2857 1624 2900 che
1652 2854 1793 2898 siamo
1826 2851 1904 2895 noi

338 2956 349 2976 ¹
400 2956 500 2992 Vide
521 2958 640 3004 epis-t.
666 2958 751 3004 453.

338 3018 351 3038 ²
403 3017 544 3053 Petrus
563 3018 709 3064 Haupt.
