2141 3358
654 210 910 246 PROOEMIUM
936 219 1075 246 TERTII
1102 220 1328 249 VOLUMINIS
1702 225 1772 252 XIII

173 320 226 361 Β.
255 319 447 361 Petrum
464 312 698 357 Canisium
721 311 1037 355 concionando
1061 319 1106 356 et
1128 314 1369 358 scribendo
1391 316 1667 361 Germaniae
1695 318 1818 362 bono

173 399 400 444 efficacius
422 396 641 441 inservire
663 409 794 451 posse
812 394 1040 438 existimat
1058 397 1145 451 (58,
1169 397 1256 453 59).
1273 399 1594 455 Fuggerorum
1619 401 1816 446 familiae

173 490 399 527 amantem
422 496 470 524 se
492 479 674 522 exhibet
693 478 705 534 (
714 490 762 520 12
769 478 823 532 5).
848 477 1052 533 ReginiS,
1073 479 1253 522 filiabus
1270 482 1305 523 F
1309 481 1546 525 erdinandi
1565 484 1582 525 I
1599 484 1812 537 caesaris,

174 565 412 612 Societatis
438 561 738 625 confessarios
760 560 1141 614 desiderantibuS,
1164 562 1225 605 ita
1243 564 1453 607 satisfieri
1477 573 1625 619 curat,
1647 575 1698 610 ut
1714 568 1816 612 sine

167 650 438 694 detrimento
459 634 723 701 disciplinae
745 644 988 700 religiosae
1007 644 1051 686 id
1070 646 1148 688 fiat
1172 647 1290 701 (127,
1319 660 1421 703 323,
1445 651 1547 703 326,
1568 651 1693 705 etc.).
1720 652 1812 695 Ca—

167 733 283 776 nisio
304 732 446 775 sacris
473 728 853 786 expeditionibus,
895 743 1012 784 quae
1049 729 1090 772 ei
1119 736 1163 773 et
1184 731 1446 786 provinciae
1485 733 1812 789 impedimento

166 823 310 868 erant,
335 814 514 858 liberari
553 812 772 869 cupienti,
798 827 969 856 morem
1000 813 1120 868 gerit
1148 814 1236 869 (67,
1282 826 1379 868 115,
1418 818 1516 870 128,
1552 830 1652 874 209,
1681 819 1806 874 etc.).

164 902 329 944 Preces
350 913 430 954 pro
453 896 583 940 ducis
606 896 829 941 Saxoniae
852 896 1152 939 conversione
1176 897 1334 940 indicit
1357 899 1474 955 (148,
1514 902 1626 957 149),
1659 909 1705 944 et
1728 917 1809 958 pro

162 985 307 1030 salute
329 980 588 1025 archiducis
606 979 880 1023 Ferdinandi
901 981 1034 1036 (150).
1055 982 1245 1025 Summo
1264 982 1467 1038 pontifici
1488 985 1808 1039 obsequentism

161 1060 325 1111 simum
348 1082 396 1110 se
419 1066 604 1122 praebet
622 1065 740 1122 (149,
767 1065 870 1117 228,
897 1077 999 1119 233,
1022 1077 1123 1119 322,
1157 1066 1276 1121 482).
1309 1067 1669 1111 Difficultatibus
1698 1084 1806 1125 gra-

165 1151 367 1195 vioribus
385 1148 641 1206 provinciae
659 1148 935 1193 Germaniae
952 1148 1197 1205 diligenter
1214 1150 1422 1205 providet
1442 1152 1575 1207 (177).
1598 1153 1806 1209 Collegio

167 1233 428 1291 germanico
451 1248 543 1276 non
566 1231 651 1275 nisi
689 1233 882 1275 selectos
913 1232 1110 1287 juvenes
1148 1233 1380 1276 destinari
1396 1234 1529 1289 jubet
1553 1235 1671 1291 (178,
1710 1248 1806 1293 179,

167 1331 268 1370 201,
295 1331 397 1370 221,
425 1330 527 1370 227,
549 1318 666 1371 253).
694 1315 845 1359 Officii
863 1315 1108 1359 visitatoris
1127 1318 1325 1372 regulas,
1347 1318 1532 1361 decreta
1549 1332 1804 1375 congrega-

164 1403 353 1454 tionum,
380 1410 424 1447 et
446 1401 753 1445 ordinationes
783 1402 1022 1457 generales
1051 1401 1201 1444 Natali
1231 1402 1347 1444 mitti
1378 1410 1507 1446 curat
1539 1405 1656 1461 (227,
1684 1407 1804 1461 402).

160 1486 542 1543 Congregationis
564 1487 799 1530 decretum
820 1486 876 1528 de
898 1500 992 1528 non
1009 1485 1310 1541 suscipiendis
1335 1487 1550 1531 oneribus
1583 1489 1736 1532 nimiis
1761 1490 1807 1533 in

158 1571 362 1627 collegiis
385 1579 569 1614 strenue
608 1570 811 1613 defendit
850 1571 967 1626 (228,
1009 1570 1129 1625 477).
1155 1571 1273 1612 Cum
1296 1570 1502 1626 pontifex
1525 1573 1806 1617 decrevisset

158 1671 248 1699 non
265 1656 603 1712 promovendos
620 1656 676 1698 ad
695 1654 875 1697 ordines
895 1669 1049 1697 sacros
1067 1654 1307 1710 religiosos
1325 1663 1431 1698 ante
1449 1657 1799 1712 professionem,

157 1739 354 1784 consulit
384 1739 553 1794 Borgia
582 1739 823 1793 theologos
852 1745 896 1782 et
926 1738 1228 1794 provinciales
1258 1739 1500 1783 Societatis
1531 1741 1588 1783 de
1621 1741 1801 1786 ratione

156 1824 352 1868 tenenda
373 1824 419 1866 in
436 1826 522 1866 hac
540 1839 604 1876 re,
627 1831 676 1865 ut
693 1822 920 1878 pontificis
937 1824 1173 1866 decretum
1192 1837 1296 1866 cum
1315 1824 1485 1869 nostris
1508 1825 1803 1868 constitutio-
1861 1833 1866 1838 “

158 1909 243 1951 bus
266 1915 570 1963 componatur
594 1907 841 1964 (480-483).
869 1907 1078 1949 Natalem
1108 1906 1154 1949 in
1186 1907 1380 1950 Galliam
1406 1923 1649 1964 properare
1666 1910 1803 1964 jubet

153 1993 271 2049 (579,
298 1992 414 2046 605).
444 1990 756 2047 Collegiorum
780 1989 1043 2046 provinciae
1060 1991 1504 2047 Flandro—Belgicae
1528 1992 1802 2048 multiplica-

155 2075 323 2119 tionem
347 2083 391 2119 et
430 2075 711 2118 incrementa
749 2075 890 2126 fovet,
931 2073 1079 2117 socios
1117 2075 1313 2118 selectos
1337 2077 1482 2118 Roma
1519 2076 1656 2119 mittit
1680 2078 1799 2131 (546,

157 2169 257 2213 554,
285 2160 502 2213 557-563,
532 2169 633 2213 575,
661 2159 762 2212 576,
793 2159 1027 2215 579-582).

239 2244 449 2287 Natalem
474 2243 716 2287 Societatis
740 2242 959 2285 vicarium
983 2242 1239 2295 constituit,
1261 2250 1306 2286 et
1329 2243 1374 2286 in
1399 2243 1669 2300 Hispaniam
1693 2260 1802 2301 pro-

155 2326 372 2369 ficiscitur
394 2341 499 2369 cum
523 2326 737 2370 cardinali
762 2326 1073 2370 Alexandrino
1104 2328 1222 2383 (648,
1256 2327 1373 2384 649).
1406 2329 1673 2371 Laudantur
1700 2329 1801 2385 ejus

155 2410 347 2455 virtutes
369 2418 415 2454 et
437 2417 582 2466 gesta.
612 2410 693 2454 Pie
717 2410 907 2453 moritur
930 2412 1102 2455 Romae
1127 2412 1376 2467 (657-662).

246 2495 397 2537 BEATI
424 2496 576 2537 PETR1
602 2495 793 2537 CANISII
819 2501 950 2550 gesta
973 2509 1055 2550 pro
1083 2494 1294 2547 ecclesia,
1327 2510 1409 2551 pro
1439 2496 1687 2550 Societate‚
1717 2512 1800 2553 pro

156 2577 421 2629 Germania,
443 2577 488 2620 in
507 2577 707 2621 maxima
725 2584 854 2633 parte
873 2578 1166 2634 epistolarum
1186 2579 1325 2634 hujus
1342 2578 1444 2621 libri
1461 2580 1794 2623 collaudantur.

155 2660 282 2704 Licet
298 2661 393 2716 jam
417 2676 472 2704 ex
495 2661 629 2704 dictis
652 2662 738 2704 sub
761 2676 952 2704 numero
983 2663 1046 2704 Ι.ο
1070 2662 1208 2717 hujus
1232 2663 1410 2719 prologi
1435 2665 1555 2706 clare
1585 2672 1801 2720 appareat

152 2743 321 2786 Canisii
344 2759 544 2799 operam,
571 2745 830 2797 consilium,
857 2745 1176 2789 auctoritatem
1200 2746 1399 2791 maxime
1422 2748 1479 2790 ad
1503 2747 1679 2791 felicem
1699 2747 1796 2791 exi-

151 2834 245 2869 tum
264 2827 549 2870 comitiorum
569 2835 935 2884 augustanorum
955 2828 1364 2884 contulisse,juvat
1383 2838 1533 2875 tamen
1547 2831 1620 2873 hic
1634 2830 1795 2887 singil-

151 2909 276 2951 latim
299 2925 443 2965 pauca
466 2912 641 2962 afferre,
664 2911 830 2966 quibus
850 2911 964 2954 tanti
981 2911 1065 2953 viri
1084 2912 1230 2968 gloria
1254 2913 1419 2956 clarius
1444 2914 1693 2969 splendeat.
1724 2916 1794 2957 De

153 2992 229 3035 illo
266 2994 455 3045 Natalis,
497 3009 600 3037 cum
629 2994 838 3047 dixisset,
879 3002 1038 3049 quater
1060 2995 1105 3037 in
1129 2996 1413 3039 hebdomada
1443 3004 1553 3039 tunc
1579 2996 1793 3052 temporis
