2101 3348
828 230 849 265 4
875 220 977 263 MAJI
1007 219 1097 264 1566
1683 225 1728 261 95

142 320 197 363 rit
218 319 264 362 in
286 321 371 363 hoc
394 320 594 376 negotio,
620 320 771 363 statim
800 321 1036 364 efficiatur.
1065 322 1267 378 Legatus
1297 334 1423 374 uero,
1449 319 1587 364 etiam
1617 317 1654 361 si
1685 332 1776 360 non

142 403 431 454 protestetur,
458 404 606 440 tamen
644 398 809 441 diserte
843 397 995 440 testari
1034 405 1206 454 potest,
1239 413 1287 442 se
1316 397 1428 440 nihil
1457 397 1646 440 istorum
1676 401 1777 437 acta

143 474 346 531 probare.
370 475 615 517 Precamur
633 482 682 516 ut
700 474 883 518 Domini
901 476 1113 518 uoluntas
1135 475 1180 517 in
1199 475 1412 518 omnibus
1431 475 1524 526 fiat,
1551 473 1608 516 ad
1625 473 1775 517 eccle-

145 550 236 594 siae
258 550 505 594 catholicae
527 550 882 594 aedificationem
897 585 906 603 ,
931 558 976 594 et
999 552 1273 595 Germaniae
1297 553 1505 595 salutem.

232 628 359 670 Haec
376 642 402 670 a
418 627 548 670 nobis
566 627 685 670 dicta
702 627 807 679 sint,
824 634 869 670 et
886 627 1090 670 subiecta
1107 635 1370 671 reuerenter
1388 627 1555 670 iudicio
1568 628 1616 671 S.
1635 628 1693 669 D.
1715 627 1774 668 N.

143 711 187 748 et
209 705 257 749 S.
283 704 414 749 Sedis
436 704 726 760 apostolicae,
752 703 1045 759 omniumque
1067 704 1235 748 rectius
1254 704 1563 747 sentientium.

142 782 467 826 HIERONYMUS
491 783 723 825 NATALIS.
776 783 970 825 PETRUS
996 782 1245 825 CANISIUS.
1284 783 1499 838 JAcossus
1525 783 1773 825 LEDESMA.

222 907 375 946 ’ἐπὶν
936 908 978 947 C

362 1011 697 1049 QUAESTIONES
730 1011 828 1041 cUM
862 1010 1103 1040 BREUIBUS
1138 1009 1552 1040 RESPONSIONIBUS

239 1105 275 1135 Ι.
340 1093 431 1144 An,
452 1100 599 1135 stante
619 1093 829 1135 mandato
846 1092 1072 1148 pontificis
1089 1099 1140 1134 ut
1163 1092 1219 1134 ad
1242 1090 1612 1147 protestationem
1636 1091 1780 1133 deue-

146 1169 309 1221 niatur,
331 1184 433 1212 cum
456 1169 842 1226 praeiudicaretur
859 1168 1051 1212 concilio
1069 1168 1331 1220 tridentino,
1354 1168 1474 1227 quod
1493 1168 1549 1210 ad
1566 1168 1781 1223 dogmata

146 1246 355 1303 pertinet,
371 1253 415 1290 et
433 1247 760 1290 affirmantibus
777 1246 956 1289 interim
975 1259 1189 1302 expresse
1205 1232 1447 1301 theologis,
1463 1243 1569 1286 huic
1587 1243 1779 1287 concilio

146 1339 226 1381 per
257 1323 643 1368 confirmationem
677 1323 799 1380 pacis
829 1324 977 1379 quoad
1006 1324 1222 1378 dogmata
1251 1336 1341 1364 non
1364 1321 1684 1378 praeiudicari,
1721 1320 1782 1363 sit

146 1400 434 1444 nihilominus
457 1403 512 1444 ad
539 1400 906 1457 protestationem
929 1399 1284 1444 deueniendum?

233 1480 367 1534 Resp.
434 1481 591 1523 Donec
629 1478 829 1534 pontifex
867 1478 1088 1520 maximus
1125 1476 1236 1520 certi
1279 1476 1448 1531 aliquid
1487 1472 1776 1531 respondeat,

145 1570 236 1598 non
275 1555 455 1599 uidetur
493 1556 548 1598 ad
585 1555 959 1612 protestationem
990 1554 1217 1610 publicam
1249 1560 1294 1596 et
1323 1554 1581 1604 solennem,
1614 1552 1688 1595 uel
1722 1552 1780 1594 ob

146 1648 278 1689 quam
302 1632 518 1677 metuitur
541 1632 806 1689 periculum,
827 1646 925 1675 esse
943 1631 1295 1675 deueniendum.

237 1722 277 1753 2.
344 1711 419 1753 An
450 1709 730 1766 protestatio,
762 1709 933 1752 caesari
960 1723 1112 1752 coram
1143 1708 1318 1750 notario
1347 1714 1391 1750 et
1421 1707 1614 1751 testibus
1638 1706 1773 1759 facta,

149 1787 436 1844 probabiliter
458 1788 666 1830 credetur
689 1787 892 1839 molesta,
918 1794 963 1829 et
985 1800 1087 1829 cum
1111 1785 1362 1828 offensione
1384 1783 1578 1827 caesaris
1601 1797 1654 1826 ac
1676 1783 1782 1826 reli-

150 1864 316 1921 gionis,
344 1866 494 1908 futura
517 1866 641 1909 esse?

238 1944 374 1998 Resp.
440 1942 631 1986 Videtur
659 1941 734 1984 illa
761 1941 931 1985 caesari
960 1941 1164 1992 molesta,
1197 1947 1242 1984 et
1272 1954 1375 1982 cum
1404 1938 1502 1982 eius
1532 1937 1783 1981 offensione

150 2021 316 2072 futura,
337 2027 381 2063 et
400 2020 649 2063 uerendum
668 2034 725 2063 ne
743 2033 846 2061 cum
869 2018 1040 2061 iactura
1058 2018 1194 2061 etiam
1218 2015 1450 2073 religionis
1468 2015 1514 2058 in
1533 2015 1686 2058 multis
1705 2015 1784 2057 fiat

150 2098 235 2140 hoc
259 2104 473 2153 tempore.

241 2188 280 2229 3.
347 2176 421 2218 An
444 2174 691 2218 timendum
723 2189 779 2218 ne
808 2172 1072 2229 protestatio
1102 2173 1178 2215 det
1211 2170 1442 2215 schismati
1472 2169 1787 2212 occasionem?

240 2253 371 2307 Resp.
434 2252 626 2296 Videtur
650 2251 898 2295 timendum
922 2265 979 2294 ne
1002 2249 1106 2294 inde
1128 2256 1333 2292 sumatur
1355 2247 1532 2291 occasio
1566 2246 1786 2289 schisma-

155 2328 329 2381 tis,'aut
351 2330 508 2373 saltem
532 2345 589 2373 ne
611 2329 758 2372 minor
779 2328 838 2371 sit
861 2327 966 2370 unio
990 2334 1191 2370 statuum
1215 2326 1539 2369 catholicorum
1571 2338 1675 2367 cum
1710 2338 1787 2366 ca-

157 2405 248 2461 pite
288 2421 372 2449 suo
410 2406 622 2463 pontifice
664 2405 882 2457 maximo,
925 2405 1046 2447 unde
1084 2403 1259 2446 initium
1298 2401 1530 2446 schismati
1568 2399 1788 2454 consequi

158 2483 310 2539 possit.

245 2573 287 2615 4.
353 2562 443 2613 An,
458 2560 684 2605 cardinale
701 2567 958 2617 augustano
976 2566 1021 2601 et
1039 2565 1216 2602 oratore
1230 2557 1352 2614 regis
1367 2555 1577 2600 catholici
1594 2562 1638 2599 et
1657 2557 1789 2598 theo-

157 2637 272 2694 logis
309 2637 518 2681 omnibus
555 2637 844 2682 monentibus
877 2652 935 2681 ne
966 2635 1232 2693 protestatio
1271 2635 1371 2687 fiat,
1407 2634 1464 2677 sit
1497 2632 1790 2677 nihilominus

157 2715 422 2770 protestand
428 2716 528 2757 um?

246 2793 379 2847 Resp.
440 2793 544 2835 Non
560 2791 755 2844 videtur,
776 2791 862 2834 nisi
880 2791 1014 2834 allata
1031 2789 1220 2834 clariore
1236 2788 1464 2846 pontificis
1486 2786 1667 2830 maximi
1686 2799 1790 2828 sen-

129 2890 133 2894 ·
160 2867 314 2921 tentia,
339 2876 390 2911 ut
412 2868 583 2912 dictum
606 2876 690 2913 est.

254 2956 294 2999 5.
359 2946 434 2988 An
456 2945 595 3001 possit
616 2947 729 2989 haec
751 2946 848 2989 fieri
871 2944 1152 3002 protestatio,
1178 2943 1312 2987 etiam
1335 2949 1435 2999 post
1459 2939 1672 2985 comicia?

253 3023 387 3077 Resp.
453 3021 645 3066 Videtur
667 3022 764 3066 fieri
785 3036 934 3078 posse,
965 3036 1045 3078 per
1066 3035 1200 3076 quem
1229 3027 1274 3064 et
1303 3017 1682 3075 quemadmodum
1706 3029 1784 3058 vo-
