2101 3348
741 228 783 255 12
810 219 1055 257 DECEMBms
1085 221 1176 266 1566
1654 222 1725 270 339

132 331 356 373 speranza
378 321 462 361 che
484 319 515 361 il
538 320 732 376 Signore
756 319 928 364 aiutara
956 336 982 364 a
1010 329 1171 378 questo
1194 322 1402 379 collegio,
1428 330 1474 367 et
1495 325 1581 369 che
1603 327 1703 369 sara
1725 325 1773 369 di

134 407 253 449 gran
277 395 432 450 frutto,
459 403 504 440 et
532 397 764 440 mettendo
796 398 852 441 da
880 405 1015 441 canto
1042 399 1190 455 quello
1219 400 1304 444 che
1326 401 1350 443 6
1372 400 1644 457 principale,
1671 402 1769 446 cioe

134 471 224 514 ι6116
247 473 282 514 s’
309 473 547 516 habbiamo
571 489 596 517 a
618 475 845 518 confidare
867 475 941 519 nel
968 475 1177 532 Signore.
1204 477 1431 521 Hauendo
1454 479 1565 521 satta
1594 479 1637 522 la
1667 479 1771 522 dili-

140 561 286 603 genza
309 550 392 592 che
414 549 451 592 si
473 550 588 594 deue
611 551 657 593 in
680 551 906 604 fundarlo,
932 566 1038 608 pare
1066 554 1150 596 che
1178 553 1219 596 ci
1247 553 1311 596 sia
1335 554 1542 611 raggion'
1568 558 1768 600 humana

138 626 225 668 che
247 625 383 678 aiuta,
410 628 574 682 perche
596 628 632 670 si
654 628 770 672 vede
792 628 877 671 alla
898 628 1049 671 chiara
1066 631 1150 673 che
1172 644 1262 672 non
1286 630 1323 673 si
1340 632 1430 686 puo
1448 645 1719 676 conseruare
1739 633 1770 676 il

139 706 389 758 temporale
407 704 463 747 de
480 705 628 758 quella
645 703 797 748 chiesa
814 711 859 746 et
875 710 1009 757 stato,
1026 719 1074 748 se
1091 719 1181 748 non
1199 705 1236 748 si
1254 721 1471 750 conserua
1488 709 1530 751 la
1548 709 1768 765 religione

136 777 182 821 in
207 779 328 832 tutti,
356 787 400 823 et
429 779 749 835 specialmente
772 780 877 824 nelli
904 781 1218 834 ecclesiastici,
1243 783 1285 825 la
1309 785 1440 838 quale
1470 785 1575 827 tutti
1603 785 1767 829 dicano

129 857 219 899 che
256 870 347 897 non
384 855 420 898 si
453 856 543 911 puo
574 870 849 901 conseruare
880 871 1017 900 senza
1047 859 1201 901 schole
1233 866 1278 901 et
1310 861 1581 915 predicatori
1605 864 1765 906 catho-

133 931 222 984 lici,
249 939 355 985 etc.;
381 939 427 976 et
449 947 475 975 a
497 940 657 987 questo
680 932 718 975 si
741 934 940 989 prouede
963 948 1044 989 per
1065 947 1220 977 mezzo
1250 935 1366 979 della
1388 938 1694 994 Compagnia,
1721 946 1766 982 et

129 1024 225 1052 non
243 1010 284 1065 si
309 1011 423 1054 uede
444 1010 558 1052 altro
582 1024 751 1053 mezzo.
778 1011 835 1052 Et
857 1011 950 1053 cosi
979 1025 1140 1054 sarano
1169 1013 1351 1055 sforzati
1374 1028 1399 1055 a
1429 1029 1700 1060 conseruare
1723 1017 1765 1059 13

130 1072 428 1143 (3010039113,
455 1093 500 1130 et
521 1094 818 1143 augmentare
839 1086 869 1129 il
892 1087 1100 1144 collegi03
1123 1097 1167 1133 et
1190 1090 1240 1130 in
1258 1103 1435 1132 omnem
1453 1095 1676 1145 euentum,
1697 1094 1765 1136 al—

128 1179 291 1207 manco
308 1167 344 1207 s'
364 1166 533 1207 hauera
550 1171 727 1219 questo,
748 1166 832 1208 che
849 1172 1088 1220 puotremo
1105 1167 1262 1209 hauer’
1283 1167 1324 1208 13
1342 1181 1401 1208 vn
1421 1168 1659 1226 collegieto
1677 1184 1763 1213 con

131 1241 174 1284 la
211 1241 385 1285 rendita
422 1241 495 1285 del
532 1241 807 1286 monasterio
850 1241 1091 1298 applicato.
1128 1243 1174 1285 Io
1210 1244 1270 1285 ho
1307 1231 1493 1286 lasciato
1525 1245 1682 1289 ordine
1722 1248 1763 1290 al

131 1319 185 1361 P.
213 1318 345 1361 Mtro.
373 1317 556 1361 Canisio
573 1318 645 1361 del
669 1318 801 1361 modo
818 1332 946 1361 come
967 1320 1025 1361 ha
1042 1319 1099 1362 da
1115 1319 1257 1362 finirsi
1273 1320 1303 1362 l’
1324 1320 1626 1364 instrumento
1644 1323 1762 1367 della

127 1390 370 1438 donatione
393 1395 465 1438 del
488 1409 704 1447 vescouo,
726 1402 772 1437 et
788 1409 916 1439 come
933 1396 990 1438 ha
1013 1395 1057 1438 di
1075 1396 1287 1452 expedire
1305 1397 1398 1441 Sua
1417 1397 1531 1442 Sria.
1554 1399 1595 1441 le
1609 1400 1760 1443 solen-

126 1470 219 1513 nita
241 1486 267 1513 o
289 1471 426 1523 bulle,
456 1486 504 1514 se
527 1486 688 1515 sarano
704 1478 726 1499 ²
739 1472 992 1516 necessarie
1009 1486 1090 1528 per
1106 1472 1238 1529 piena
1256 1473 1554 1530 applicatione
1572 1476 1645 1520 del
1663 1478 1759 1519 col-

123 1547 260 1604 legio;
286 1549 452 1603 perche
475 1551 532 1591 ha
554 1549 611 1591 da
635 1550 775 1592 esser'
801 1563 885 1591 con
908 1548 971 1591 lui
994 1549 1024 1591 11
1046 1549 1314 1593 cancellario
1338 1558 1497 1606 questo
1527 1553 1690 1597 Natale
1711 1553 1757 1596 in

122 1626 336 1681 Augusta
355 1640 381 1668 o
399 1626 600 1683 Dilinga:
623 1626 686 1668 lui
705 1626 765 1668 mi
782 1626 1011 1670 aduertira
1027 1626 1071 1669 di
1091 1627 1240 1682 quello
1257 1629 1341 1670 che
1359 1628 1395 1670 si
1414 1630 1522 1671 fara.
1546 1630 1610 1672 La
1627 1630 1757 1686 copia

118 1702 226 1746 delli
263 1703 392 1759 primi
430 1703 560 1759 punti
599 1705 683 1748 che
715 1706 752 1746 s'
777 1703 1081 1747 accordorono
1113 1705 1201 1746 co’l
1239 1705 1509 1748 cancellario
1533 1708 1633 1749 sara
1666 1721 1755 1750 con

121 1786 296 1834 questa:
338 1780 368 1821 l'
394 1781 506 1823 altra
539 1780 667 1836 copia
705 1780 822 1823 della
859 1780 1102 1825 donatione
1133 1781 1205 1824 del
1234 1795 1431 1824 vescouo
1468 1783 1683 1826 mandara
1724 1784 1754 1826 il

124 1859 177 1901 P.
204 1859 338 1901 Mtro.
373 1858 578 1901 Canisio.

210 1946 252 1989 7.
319 1937 388 1978 Da
410 1935 732 1991 Aschemburg
753 1934 881 1978 scrisi
905 1935 990 1977 alla
1013 1936 1065 1977 P.
1093 1936 1149 1978 V.
1177 1948 1304 1978 come
1326 1950 1417 1978 non
1447 1937 1482 1979 si
1505 1938 1643 1993 puote
1666 1937 1751 1981 im-

115 2011 272 2068 pedire
304 2013 388 2055 che
410 2011 565 2054 andasi
589 2013 722 2055 Mtro.
760 2011 914 2055 Pietro
946 2011 1204 2055 coloniense
1230 2012 1258 2064 ¹,
1285 2027 1363 2068 per
1396 2014 1675 2069 predicatore
1708 2016 1749 2058 al

53 2121 58 2129 .
115 2089 260 2132 ducca
271 2088 440 2132 Herico
456 2089 513 2133 de
528 2088 778 2132 Bransuich
794 2089 826 2141 ²,
841 2089 1096 2132 hauendolo
1112 2088 1143 2131 li
1161 2090 1302 2132 nostri
1320 2105 1551 2146 promesso
1569 2099 1614 2135 et
1632 2092 1746 2136 fatto

113 2165 269 2209 venire
297 2167 338 2209 13
369 2180 455 2209 con
488 2166 592 2208 tutti
625 2166 655 2208 li
685 2165 783 2209 suoi
816 2165 981 2217 scritti,
1007 2172 1094 2210 etc.
1121 2167 1225 2209 Non
1253 2166 1314 2208 mi
1343 2182 1483 2223 parue
1514 2169 1607 2212 sare
1634 2170 1747 2213 altra

112 2257 234 2295 cosa,
256 2258 303 2286 se
326 2258 417 2286 non
438 2244 670 2286 moderare
691 2249 852 2298 questa
874 2242 1108 2295 missione,
1135 2250 1180 2286 et
1207 2243 1457 2288 assicurare
1479 2245 1521 2288 la
1543 2246 1746 2302 Compa-

114 2320 239 2377 gnia3
265 2327 309 2364 et
338 2321 433 2363 cosi
460 2320 676 2365 dicesimo
706 2321 747 2363 al
778 2319 1088 2371 arciuescouo,
1115 2322 1199 2364 che
1222 2335 1280 2364 ua
1308 2321 1354 2363 in
1382 2322 1673 2377 probatione,
1700 2330 1745 2367 et

116 2400 201 2440 che
223 2413 312 2440 non
336 2399 360 2441 6
382 2398 498 2440 della
520 2396 818 2453 Compagnia,
845 2404 890 2440 et
911 2397 1006 2440 cosi
1023 2399 1081 2440 ha
1102 2398 1159 2440 da
1175 2397 1360 2441 scriuer’
1383 2399 1424 2441 al
1440 2399 1599 2451 ducca,
1625 2406 1671 2443 et
1687 2415 1744 2444 va

114 2476 175 2518 ad
197 2478 367 2531 tempus
389 2474 535 2517 insino
559 2490 584 2517 a
605 2475 724 2531 dopo
746 2475 789 2516 la
816 2475 1003 2530 pascha,
1030 2488 1116 2517 con
1142 2474 1434 2519 instruttione
1462 2477 1694 2522 conforme
1716 2493 1742 2521 a

116 2553 265 2607 quello
288 2554 372 2596 che
394 2551 615 2595 conuiene
637 2566 663 2594 a
689 2550 768 2603 lui,
795 2565 881 2594 con
902 2551 944 2593 la
976 2550 1300 2594 circunstantia
1329 2553 1402 2596 del
1430 2553 1529 2596 loco
1557 2559 1602 2596 et
1623 2554 1741 2598 della

181 2696 201 2716 ²³·
237 2688 494 2723 Emendatum
514 2700 535 2722 a
553 2688 645 2723 libr.
671 2699 720 2723 ex
739 2688 917 2723 essendo.

182 2791 190 2810 ¹
241 2789 378 2824 Petrus
398 2789 548 2835 Haupt.
570 2787 668 2824 Vide
689 2787 772 2834 ejus
792 2798 956 2822 examen
975 2786 1014 2822 in
1032 2787 1161 2833 Epist.
1182 2787 1407 2835 Natal.,11,
1428 2789 1514 2834 576.

174 2850 188 2869 ²
239 2847 288 2882 Ni
318 2847 499 2891 fallimur,
525 2858 652 2883 sermo
682 2852 742 2882 est
771 2846 820 2881 de
850 2846 1022 2881 Henrico
1046 2846 1145 2881 duce
1163 2847 1734 2896 brunsvico-guelpherbytano

100 2906 783 2951 (Braunsschweig-WVolfenbtittel),
801 2916 878 2940 non
903 2910 1034 2940 autem
1051 2904 1100 2940 de
1118 2905 1231 2940 Erico
1255 2905 1354 2942 duce
1378 2907 1734 2943 brunsvico-calen-

107 2965 304 3010 bergensi.
327 2965 426 3000 Vide
442 2964 559 3011 epist.
580 2964 687 3000 Petri
706 2965 850 3011 Haupt,
870 2963 998 2999 datam
1017 2963 1302 3011 WoIfenbtstel,
1320 2973 1341 3010 7
1361 2966 1488 3002 Martii
1510 2966 1613 3012 1567,
1631 2966 1734 3013 apud

108 3023 300 3069 HANSEN,
321 3024 550 3059 Rheinische
565 3024 709 3069 Aleten,
728 3034 848 3070 pagg.
875 3022 1046 3068 541-543.
