2101 3348
764 238 802 264 11
835 229 1027 264 AUGUSTI
1057 235 1144 273 1571
1652 223 1724 270 653

129 351 290 380 camur
318 333 585 385 bonitatem,
617 339 669 376 ut
697 345 801 375 cum
831 344 1001 387 magno
1025 330 1276 373 animarum
1306 330 1459 373 fructu
1484 328 1774 372 commissum

132 427 300 455 munus
330 412 387 454 ad
420 417 604 454 sanctae
644 408 865 454 ecclesiae
897 406 1257 451 aedificationem
1291 415 1548 451 exerceant.
1585 408 1775 459 Romae,

143 491 238 533 ira
262 486 465 544 Augusti
494 497 618 540 1571.

579 569 608 626 †
640 571 959 613 HIERONIMUS
991 570 1227 621 NATALIS,
1263 568 1475 612 vicarius.
1512 568 1540 626 ἦ·

1047 628 1076 685 †

232 720 288 761 In
313 722 478 774 quarta
493 718 691 774 pagina:
716 719 909 761 Patente
938 717 980 759 al
1009 718 1060 760 P.
1096 717 1372 773 Rodriguez.
1411 728 1537 772 1571,
1570 716 1783 759 andando

138 798 245 840 rell’
272 803 459 839 armata.
487 795 706 852 Sigillum
729 794 962 836 societatis
977 794 1106 851 Jesu.

906 923 1024 963 545

584 1016 635 1057 P.
673 1014 1086 1058 HIERONYMUS
1120 1015 1339 1058 NADAL

300 1103 561 1140 PATRIBUS
587 1101 1036 1139 PROVINCIALIBUS
1062 1103 1128 1137 ET
1155 1103 1488 1141 RECTORIBUS
1517 1104 1556 1139 S.
1587 1105 1623 1150 J.

667 1193 827 1226 ROMAE,
851 1193 888 1219 11
911 1193 1095 1221 Aucusn
1122 1193 1208 1230 1571
1232 1186 1256 1222 ¹.

151 1275 195 1306 Γ,
222 1272 530 1317 C'lzristoplzorus
554 1270 798 1316 RodrigueZ,
823 1281 913 1303 cum
942 1269 1058 1304 sociis
1087 1271 1141 1304 ad
1170 1270 1334 1305 classem
1358 1272 1625 1306 christianam
1648 1275 1788 1308 contra

379 1333 515 1364 turcas
533 1329 692 1369 missus,
711 1328 986 1374 superioribus
1006 1328 1214 1364 Societatis
1232 1331 1551 1365 commendatur.

231 1416 332 1472 Jhs.
370 1413 632 1457 Admodum
663 1413 758 1455 RR.
792 1411 838 1454 in
871 1413 990 1467 Xpo.
1029 1414 1202 1456 Patres.
1242 1415 1339 1456 Pax
1372 1413 1497 1470 Xpi.,
1531 1422 1618 1458 etc.
1646 1417 1788 1473 Jussu

147 1491 309 1535 simmi
347 1489 577 1546 pontificis
607 1496 652 1533 et
680 1503 736 1531 ex
765 1495 923 1531 nostra
956 1489 1229 1542 obedientia,
1265 1491 1322 1533 ad
1356 1491 1545 1534 classem
1580 1492 1789 1536 christia—

147 1584 269 1620 num,
296 1583 411 1624 quae
440 1574 598 1610 contra
627 1574 779 1609 turcas
807 1565 1062 1618 instruitur,
1095 1566 1379 1612 carissimum
1408 1569 1454 1612 in
1485 1570 1668 1612 Christo
1700 1571 1790 1613 Pa-

147 1654 278 1697 116111,
294 1647 350 1688 D.
368 1644 746 1699 Christophorum
759 1642 1034 1699 RodrigueZ,
1049 1643 1270 1688 mittimus
1286 1647 1490 1688 futurum
1510 1646 1791 1702 superiorem

151 1724 339 1766 alioruin
362 1723 555 1765 duorum
580 1723 784 1772 Patrum,
812 1727 856 1764 et
879 1720 1012 1762 trium
1038 1721 1244 1774 fratrum,
1272 1722 1348 1777 qui
1372 1724 1429 1765 ad
1453 1725 1646 1768 eandem
1669 1725 1789 1768 clas—

153 1815 248 1843 sem
267 1799 569 1843 destinantur.
591 1799 666 1841 Ad
687 1798 1006 1853 quodcumque
1023 1797 1164 1854 igitur
1187 1799 1430 1856 collegium
1447 1801 1686 1845 Societatis
1706 1817 1790 1845 no-

154 1885 291 1930 strae,
316 1891 407 1932 quo
429 1875 673 1931 contigerit
695 1874 816 1930 ipsos
838 1874 1010 1926 uenire,
1033 1882 1120 1917 tam
1146 1876 1464 1930 prouinciales‚
1487 1892 1620 1932 quam
1640 1885 1789 1922 recto—

154 1969 241 2006 res,
269 1969 346 1998 eos
367 1953 566 2008 benigne
583 1959 875 2005 amanterque
893 1951 1156 2007 suscipiant,
1179 1959 1224 1995 et
1247 1967 1582 2009 quamcumque
1600 1971 1694 1999 rem
1712 1963 1791 1998 aut

153 2031 410 2087 pecuniam,
442 2045 531 2085 qua
559 2029 708 2071 dictus
742 2030 817 2071 Pr.
855 2028 1210 2084 Christophorus
1234 2031 1494 2087 Rodriguez
1516 2047 1598 2088 pro
1631 2048 1679 2076 se
1713 2040 1793 2076 aut

151 2124 235 2164 pro
258 2108 351 2150 suis
374 2107 615 2163 indigeret,
641 2106 682 2150 ei
704 2105 1063 2150 subministrent.
1090 2107 1186 2150 Nos
1213 2107 1332 2150 enim
1357 2110 1500 2152 Roma
1530 2110 1791 2153 huiusmodi

153 2193 362 2241 sumptus
386 2185 644 2236 reddemus,
671 2189 748 2225 aut
777 2182 901 2226 reddi
925 2183 1201 2227 curabimus.
1229 2186 1286 2227 Et
1307 2185 1344 2228 si
1368 2186 1517 2229 dictus
1549 2188 1623 2231 Pr.
1658 2187 1791 2231 Chri—

155 2265 397 2318 stophorus
420 2261 679 2317 Rodriguez
703 2274 758 2303 ex
780 2260 990 2303 humanis
1012 2276 1092 2316 pro
1115 2261 1236 2305 uitae
1261 2262 1505 2319 fragilitate
1529 2266 1790 2317 excederet,

157 2341 275 2383 idem
305 2347 560 2395 praestetur
588 2337 787 2380 officium
818 2337 875 2389 ei,
903 2352 1035 2392 quem
1058 2337 1154 2394 ipse
1192 2354 1248 2383 ex
1286 2339 1497 2383 Patribus
1536 2341 1620 2384 sibi
1659 2349 1794 2385 antea

159 2417 485 2460 substituisset.
506 2417 562 2458 Et
579 2415 684 2470 quia
701 2415 756 2457 de
774 2422 926 2457 uestra
943 2415 1164 2458 charitate
1186 2417 1365 2459 confido
1388 2419 1695 2462 abundantius
1714 2420 1795 2462 ad-

161 2497 252 2537 huc
275 2509 407 2550 quam
430 2493 624 2550 petimus
648 2507 729 2535 uos
757 2499 1078 2548 praestaturos,
1102 2499 1278 2536 tantum
1307 2495 1485 2547 addam,
1513 2504 1561 2538 ut
1590 2503 1635 2539 et
1658 2512 1730 2540 me
1752 2503 1796 2540 et

162 2571 285 2627 ipsos
308 2572 364 2613 ad
385 2573 471 2613 hoc
494 2584 661 2612 munus
684 2569 844 2612 missos
870 2569 1031 2613 uestris
1059 2569 1292 2613 sacrificiis
1320 2578 1366 2614 et
1393 2572 1673 2616 orationibus
1701 2575 1798 2616 Do-

161 2648 284 2691 mino
308 2646 653 2691 commendetis.
681 2648 866 2698 Romae,
899 2647 993 2689 11.a
1017 2647 1220 2703 Augusti
1249 2658 1374 2702 1571.
1398 2650 1499 2692 VV.
1524 2652 1616 2693 RR.
1637 2665 1799 2693 seruus

162 2726 210 2768 111
234 2725 433 2776 Christo,

1201 2820 1230 2877 †
1262 2822 1496 2925 NArssLIS.
1534 2823 1562 2879 †

240 2987 249 3006 ¹
302 2985 359 3019 Ex
379 2985 603 3031 archetypo,
625 2983 775 3020 Natalis
794 2996 910 3020 manu
930 2984 1165 3032 subscripto,
1185 2984 1222 3021 in
1244 2986 1375 3033 Epist.
1403 2987 1564 3030 Natal„
1588 2988 1638 3032 ΙΙ,
1658 2987 1803 3033 duplici

170 3044 253 3087 fol.,
274 3052 336 3078 211
360 3044 451 3088 (20).
