2101 3348
337 266 408 312 436
853 265 991 300 EP1ST.
1019 263 1063 298 P.
1092 263 1360 309 NADAL-475

376 379 419 420 4.
485 365 696 410 Scriuere
733 365 806 409 alli
843 364 986 408 nostri
1024 378 1110 408 con
1138 371 1159 392 a
1187 364 1548 410 dissimulatione
1586 379 1612 418 a
1643 364 1790 420 Spira,
1828 364 1868 408 ci
1896 364 1921 409 ὲ

283 458 416 500 parso
433 442 735 486 conueniente
751 448 796 486 et
813 441 1086 495 necessario,
1101 456 1180 498 per
1198 442 1347 497 questi
1364 442 1568 498 principij
1589 442 1806 494 almanco,
1826 456 1918 485 non

282 521 378 563 solo
400 534 480 576 per
503 534 594 562 non
616 519 832 562 offender'
857 526 902 563 et
930 519 1011 562 dar
1048 518 1300 571 occasione,
1337 534 1410 563 ma
1442 519 1576 564 etiarn
1609 533 1688 575 per
1720 518 1915 562 securita

280 598 396 642 delle
414 598 589 641 lettere.
606 596 821 653 Supplico
838 611 1018 652 sempre
1034 597 1077 640 la
1095 598 1146 640 P.
1170 598 1226 640 V.
1241 598 1367 640 uellit
1384 611 1569 654 urgere,
1582 596 1703 652 apud
1720 598 1914 639 sanctis-

280 676 465 726 simum,
488 675 722 731 negotium
746 674 798 716 de
821 675 1014 730 relapsis
1037 677 1114 716 etc.
1141 675 1212 718 De
1235 676 1350 717 Mro.
1379 674 1548 726 Pietro,
1588 673 1846 717 coloniense
1881 675 1911 727 ¹,

279 754 364 796 che
386 752 411 795 e
433 752 522 794 co’l
545 751 690 794 ducca
713 751 913 794 Henrico
936 751 981 794 di
1005 750 1258 794 Brunsuica
1280 751 1314 804 ⁹²,
1340 750 1414 806 gia
1438 752 1498 794 ho
1521 750 1677 794 scritto
1699 750 1757 794 da
1778 751 1915 794 Colo-

279 828 370 883 nia,
397 835 441 873 et
464 828 677 871 mandata
698 828 742 870 13
764 842 846 870 sua
868 828 1050 872 lettera:
1075 828 1118 870 la
1142 829 1194 871 P.
1221 828 1279 871 V.
1312 827 1372 870 mi
1400 827 1597 872 scriuera
1629 828 1716 870 che
1748 827 1778 869 li
1810 842 1917 884 pare

279 907 316 950 s’
342 905 481 949 habbi
510 906 567 948 da
596 905 691 949 fare
719 904 763 947 di
794 905 873 948 lui.
909 906 960 948 L’
993 904 1150 949 ordine
1179 906 1263 948 che
1291 907 1327 948 s'
1359 905 1383 948 e
1411 905 1517 948 dato
1545 904 1597 947 de
1625 919 1675 946 re
1695 906 1916 960 pecunia-

280 983 368 1035 ria,
397 989 507 1034 etc.,
539 982 612 1025 del
640 981 833 1038 collegio
856 983 913 1027 de
941 989 1043 1025 sant
1071 981 1334 1034 Geronimo,
1360 982 1507 1025 veddo
1544 983 1631 1025 che
1667 982 1794 1038 piace
1829 982 1917 1026 alla

279 1061 332 1103 Ρ.
360 1061 438 1113 V.;
465 1074 513 1103 se
535 1059 593 1102 lei
615 1060 658 1102 lo
681 1059 899 1112 sollecita,
921 1059 1092 1104 hauera
1111 1058 1324 1104 efficacia.
1348 1060 1394 1101 lo
1417 1058 1581 1112 uorrei,
1603 1060 1765 1114 Padre,
1786 1074 1914 1103 man-

278 1137 372 1179 dar’
398 1137 606 1180 tudeschi
633 1137 781 1193 capati
803 1152 829 1180 a
858 1139 1016 1189 Roma,
1042 1137 1220 1181 benche
1249 1136 1322 1179 dal
1352 1143 1469 1179 tutto
1501 1152 1591 1180 non
1619 1136 1804 1179 intendo
1835 1150 1914 1180 ca-

276 1213 388 1269 pati,
414 1229 463 1258 se
485 1228 576 1257 non
598 1214 619 1241 b
646 1229 787 1270 penso
810 1216 897 1259 che
919 1214 942 1257 ὲ
964 1213 1218 1270 escogidos3
1238 1216 1347 1270 pero
1365 1213 1513 1268 questi
1535 1228 1646 1257 sono
1669 1213 1909 1269 necessarij

277 1305 360 1347 per
382 1291 427 1334 di
450 1306 554 1347 qua,
576 1291 898 1347 specialmente
915 1298 1076 1346 questo
1093 1298 1257 1347 tempo.
1272 1292 1338 1342 Di
1361 1292 1549 1334 mandar
1571 1290 1746 1346 nouitij‚
1772 1291 1910 1334 buoni

277 1369 319 1411 al
342 1368 542 1424 giudicio
564 1376 734 1420 nostro,
768 1383 846 1424 per
875 1370 981 1411 star'
1007 1370 1081 1410 vn'
1113 1383 1233 1411 anno
1263 1368 1321 1421 13,
1348 1375 1392 1410 et
1420 1367 1637 1411 ritornare
1665 1383 1690 1410 a
1713 1367 1911 1411 studiare

274 1459 354 1501 per
373 1445 417 1488 di
436 1460 540 1501 qua,
561 1446 758 1489 secondo
780 1446 823 1488 la
840 1444 1155 1488 commissione
1172 1446 1259 1490 che
1277 1446 1456 1489 haueua
1475 1445 1592 1489 della
1610 1446 1662 1488 P.
1685 1446 1761 1497 V.,
1782 1452 1910 1487 staua

277 1522 321 1565 io
344 1522 556 1575 animato;
584 1537 655 1564 ma
678 1522 850 1564 altanto
878 1522 939 1565 mi
961 1537 1041 1565 son
1066 1522 1314 1574 debilitato,
1340 1523 1508 1578 perche
1530 1522 1576 1564 in
1598 1530 1773 1577 questa,
1798 1529 1843 1566 et
1865 1522 1908 1564 in

272 1599 401 1652 altre,
428 1613 535 1655 pare
559 1600 645 1643 che
672 1599 714 1643 13
744 1601 796 1642 Ρ.
829 1600 886 1642 V.
923 1606 1124 1642 muostra
1155 1610 1247 1642 no'n
1279 1598 1442 1643 essersi
1474 1599 1613 1641 molto
1649 1605 1909 1642 contentata

271 1676 390 1721 della
426 1676 639 1720 missione
678 1677 803 1718 fatta.
837 1677 894 1718 Et
925 1677 1102 1719 benche
1139 1678 1198 1719 ho
1226 1676 1332 1719 dato
1369 1675 1445 1732 gia
1473 1676 1708 1732 raggione,
1748 1675 1908 1732 poiche

270 1754 432 1796 adesso
454 1753 491 1795 si
515 1752 681 1808 replica
709 1753 821 1795 altra
849 1753 989 1805 volta,
1014 1752 1168 1809 voglio
1194 1754 1300 1796 dare
1330 1768 1389 1795 vn
1422 1766 1535 1809 poco
1567 1753 1659 1809 piu,
1695 1752 1905 1797 accioche

268 1830 313 1874 io
336 1837 353 1858 c
382 1830 568 1874 intenda
589 1830 743 1874 chiara
765 1832 807 1873 13
834 1831 1020 1873 volonta
1042 1831 1159 1875 della
1183 1832 1235 1874 Ρ.
1262 1832 1319 1874 V.
1353 1831 1609 1874 Mandando
1637 1830 1794 1886 nouitij
1824 1845 1904 1887 per

268 1908 311 1951 13
333 1907 667 1960 commissione,
694 1907 826 1950 insin’
856 1923 879 1950 a
910 1918 958 1962 15
982 1922 1009 1950 o
1034 1920 1106 1962 20,
1126 1922 1254 1952 come
1276 1909 1472 1960 haueua,
1498 1908 1520 1951 ὲ
1544 1907 1799 1952 necessario
1816 1909 1904 1952 che

267 1985 308 2028 ci
331 1985 395 2027 sia
418 1985 583 2028 alchun
606 1985 819 2041 pericolo‚
846 1999 973 2028 come
994 1986 1019 2028 e
1041 1984 1089 2028 in
1111 1984 1217 2028 tutti
1238 1983 1269 2026 li
1292 1984 1469 2040 nouitij,
1495 1986 1583 2029 che
1607 1986 1700 2041 ipso
1714 1986 1844 2043 facto
1866 1985 1903 2029 si

269 2061 471 2118 pigliano
510 2077 588 2118 per
618 2062 900 2118 probatione,
932 2077 1060 2106 come
1088 2064 1136 2105 fu
1165 2062 1212 2104 in
1239 2062 1474 2106 Ludouico
1504 2064 1691 2115 bauaro,
1731 2070 1839 2115 etc.,
1874 2064 1905 2105 il

267 2139 400 2193 quale
423 2143 573 2181 tamen
594 2139 638 2182 io
669 2154 757 2182 non
787 2139 972 2184 hauerei
995 2140 1223 2193 mandato,
1249 2154 1298 2183 se
1322 2142 1433 2183 Mro.
1458 2139 1640 2183 Canisio
1663 2142 1722 2183 m'
1747 2140 1904 2184 hauesi

265 2216 439 2271 parlato
462 2216 616 2259 chiaro
640 2217 686 2258 di
708 2217 786 2259 lui.
819 2216 896 2260 Gli
924 2217 1026 2259 altr1
1054 2219 1137 2260 che
1166 2216 1203 2259 si
1231 2231 1343 2259 sono
1377 2217 1593 2270 mandati,
1625 2232 1716 2260 non
1744 2218 1906 2260 furono

264 2292 466 2336 mandati
484 2307 563 2348 per
580 2292 684 2336 star'
708 2294 753 2335 in
772 2296 928 2337 Roma.
951 2295 1007 2337 Et
1025 2293 1185 2350 primo,
1211 2293 1242 2336 il
1263 2296 1492 2338 Muramer
1510 2295 1557 2336 fu
1579 2295 1790 2338 mandato
1807 2295 1903 2337 solo

265 2369 310 2412 in
340 2369 721 2425 peregrinatione,
747 2386 883 2414 senza
910 2370 1082 2423 denari,
1109 2378 1154 2415 et
1175 2372 1262 2414 che
1284 2370 1518 2423 rstornase,
1545 2386 1594 2415 se
1617 2370 1710 2414 cosi
1740 2385 1899 2427 parese

263 2447 350 2489 alla
389 2449 440 2490 P.
474 2448 531 2490 V.
563 2446 786 2499 Gioanne,
827 2448 1094 2502 viennense,
1125 2448 1254 2504 quasi
1290 2448 1560 2493 similmente
1597 2450 1645 2491 fu
1683 2449 1897 2492 mandato

262 2537 418 2568 mezzo
440 2522 486 2566 in
508 2523 885 2579 peregrinatione.
912 2525 1052 2570 Lucio
1076 2525 1124 2568 fu
1146 2526 1374 2578 mandato,
1400 2539 1456 2568 ne
1478 2526 1629 2568 statim
1647 2526 1822 2581 periret
1849 2526 1895 2570 in

262 2599 523 2651 Germania,
548 2599 761 2642 accioche
784 2600 825 2642 13
850 2600 886 2642 si
909 2601 1117 2645 ritrouasi
1135 2602 1328 2657 qualche
1346 2603 1481 2645 modo
1500 2601 1542 2645 d’
1562 2603 1892 2656 accomodarlo,

261 2683 307 2720 et
329 2676 537 2719 liberarlo
555 2676 672 2718 della
689 2676 880 2719 heresia.
905 2678 953 2719 In
971 2677 1103 2720 simili
1126 2678 1217 2722 casi
1235 2678 1295 2721 mi
1318 2679 1467 2723 scriua
1484 2679 1526 2722 13
1544 2681 1596 2722 Ρ.
1619 2681 1676 2723 V.
1698 2694 1746 2723 se
1763 2694 1897 2736 posso

330 2801 352 2822 a
390 2794 475 2828 Hoc
494 2795 608 2829 verb.
633 2793 781 2828 addidit
801 2794 892 2829 libr.
916 2805 1032 2840 supra
1052 2797 1226 2830 vers.—b
1240 2796 1262 2832 3
1280 2798 1400 2833 verba
1418 2809 1532 2845 seqq.
1556 2797 1704 2833 addidit
1722 2798 1810 2834 libr.
1834 2810 1897 2834 su·

258 2864 328 2900 pra
353 2859 534 2888 vers.-—c
553 2853 638 2888 Hoc
664 2854 773 2887 verb.
795 2852 942 2888 addidit
960 2853 1048 2890 libr.
1067 2865 1182 2900 supra
1202 2867 1304 2891 vers,

331 2954 337 2973 ¹
391 2954 540 2999 Haupt.
567 2952 667 2988 Vide
686 2952 803 2998 epist.
830 2952 914 2999 462,
934 2964 978 2988 n.
1001 2952 1036 2996 3;
1057 2953 1141 2999 464,
1161 2966 1203 2990 n.
1226 2955 1263 2999 6;
1283 2956 1367 3000 4683
1389 2962 1428 2992 et
1446 2965 1530 3002 472,
1551 2969 1589 2992 n.
1610 2957 1648 2993 3.

325 3015 339 3034 ²
391 3012 599 3057 Henricus,
619 3011 696 3046 dux
715 3011 1300 3058 brunsvico-guelpherbytanus
1321 3014 1889 3062 (Braunschweig-Wolfenbt‘i—

253 3072 342 3117 tel).
365 3070 432 3108 Cf.
456 3072 648 3113 HANSEN‚
668 3072 744 3107 loe.
770 3071 854 3118 cit.,
874 3070 1049 3116 541-543.
