2101 3348
834 193 878 219 22
905 185 1018 229 JUNn
1048 182 1138 229 1568
1688 184 1760 230 609

255 299 295 340 3.
361 284 420 328 Di
443 286 556 328 Mro.
594 285 802 328 Emondo
830 287 840 307 ¹
866 287 923 328 ha
952 300 1084 341 parso
1112 300 1138 328 a
1161 285 1284 337 tutti,
1311 293 1356 329 et
1378 300 1404 328 a
1426 300 1515 339 me,
1542 286 1631 328 che
1654 300 1745 328 non
1769 285 1807 329 si

163 371 291 419 parta
314 378 394 419 per
416 363 576 405 adesso
604 362 650 404 di
679 363 884 420 Pariggi,
916 363 1052 406 insin’
1078 378 1103 406 a
1134 369 1262 405 tanto
1289 364 1374 406 che
1403 363 1440 406 si
1467 364 1615 406 vedda
1643 364 1807 407 alcuna

163 440 315 495 quiete
337 440 383 482 in
406 446 568 495 queste
585 440 850 494 turbationi,
876 442 1046 496 perche
1076 440 1153 497 qui
1178 441 1223 484 sa
1247 455 1362 497 gran
1393 441 1535 484 frutto
1560 442 1679 485 nelle
1701 455 1807 496 pre-

164 517 312 570 diche,
345 524 390 560 et
419 517 442 560 ὲ
471 517 610 572 molto
649 521 826 561 accetto
858 534 884 561 a
915 519 1123 562 madama
1155 520 1169 539 ²
1193 525 1239 562 et
1271 517 1345 561 alli
1376 517 1586 574 principi,
1612 519 1807 575 special-

164 602 317 639 mente
338 593 413 655 alli
436 594 654 637 cardinali
684 595 730 637 di
759 597 936 639 Lorena
959 580 973 617 ὲ
1004 603 1050 638 et
1073 597 1289 639 Tornone
1307 596 1339 648 ⁴,
1366 602 1412 638 et
1436 595 1479 637 fa
1502 596 1641 638 molto
1664 595 1805 638 buoni

154 671 298 714 'officii
317 672 383 715 fra
403 672 515 724 loro,
536 679 582 715 et
599 687 678 729 per
695 673 738 716 la
755 673 975 729 religione
994 672 1233 726 catholica,
1255 680 1304 736 et·
1318 672 1641 729 specialmente
1664 672 1805 729 gioua

161 749 234 791 alli
262 749 465 805 deputati
493 749 611 792 delle
642 750 876 806 principali
906 750 1015 793 citta
1045 750 1090 792 di
1120 750 1330 802 Francia,
1361 751 1450 793 che
1472 764 1585 792 sono
1614 750 1691 805 qui
1721 765 1805 793 nea

158 826 374 882 gotiando
396 840 475 882 per
497 826 540 869 la
563 826 800 883 religione,
827 841 956 869 come
978 827 1023 869 di
1048 829 1218 879 Leone,
1252 827 1418 870 Tolosa
1441 834 1486 871 et
1514 825 1557 868 d'
1588 828 1717 869 altre.
1751 826 1803 871 Si

158 910 294 946 tenne
317 918 396 959 per
417 911 541 946 certo
564 905 652 947 che
673 911 835 958 questa
864 903 1130 959 ambigueta
1152 903 1198 946 di
1229 911 1380 959 tempo
1403 904 1568 947 durata
1597 918 1729 960 poco,
1757 910 1802 946 et

158 981 231 1023 all’
257 982 368 1024 hora
390 981 426 1023 si
445 982 605 1037 puotra
634 980 937 1025 determinare
968 980 1070 1023 dell’
1096 981 1263 1023 andata
1286 980 1330 1023 di
1354 981 1468 1024 Mro.
1496 982 1718 1024 Emondo,
1746 984 1803 1025 Et

159 1065 330 1112 quanto
352 1059 394 1102 al
416 1060 596 1114 pensar'
615 1058 660 1100 di
684 1058 893 1100 liberarlo
915 1058 1019 1101 dell’
1040 1057 1190 1100 officio
1207 1072 1308 1111 suo,
1330 1072 1460 1101 come
1482 1058 1545 1100 lui
1569 1058 1799 1113 dimanda,

159 1149 251 1177 non
273 1135 333 1177 mi
356 1150 463 1191 pare
485 1136 571 1178 che
593 1135 616 1178 ὲ
640 1142 791 1190 tempo
815 1135 993 1188 adesso,
1020 1134 1153 1176 insin’
1180 1149 1206 1177 a
1230 1142 1354 1182 tanto
1378 1136 1466 1179 che
1489 1134 1555 1177 sia
1578 1135 1732 1190 quiete
1754 1136 1802 1179 in

158 1212 364 1264 Francia,
395 1220 441 1256 et
468 1213 513 1255 di
541 1219 703 1268 questo
731 1215 896 1268 puotro
925 1212 1034 1255 dare
1062 1211 1273 1269 maggior
1300 1211 1502 1268 giudicio
1526 1212 1585 1264 io,
1618 1215 1802 1268 quando

155 1290 326 1333 hauero
349 1289 531 1332 visitato
556 1297 673 1333 tutta
694 1290 845 1345 quella
867 1289 1117 1346 prouincia.
1152 1291 1210 1333 Et
1234 1289 1329 1333 cosi
1354 1304 1446 1331 non
1476 1291 1707 1346 puotendo
1738 1290 1800 1332 lui

153 1369 291 1410 esser'
314 1375 526 1423 presente
562 1382 587 1410 a
616 1367 774 1421 Lione,
807 1367 929 1411 doue
951 1369 987 1409 s’
1029 1367 1281 1411 haueriano
1317 1373 1479 1423 potuto
1509 1380 1797 1423 congregare

155 1445 217 1501 gli
240 1444 396 1487 rettori
419 1443 464 1487 di
493 1444 720 1487 Ciamberi
748 1451 793 1488 et
823 1445 1054 1497 Tornone,
1089 1444 1132 1487 ci
1161 1446 1185 1487 e
1215 1459 1348 1501 parso
1377 1446 1465 1488 che
1493 1460 1586 1488 non
1624 1445 1661 1487 si
1687 1444 1800 1487 facci

151 1536 313 1565 manco
335 1522 485 1577 quella
512 1521 873 1578 congregatione
895 1530 1121 1578 spezzata,
1147 1536 1196 1565 se
1220 1537 1311 1565 non
1334 1523 1421 1565 che
1444 1528 1532 1578 per
1561 1524 1737 1565 litteras
1761 1522 1799 1565 si

152 1600 282 1656 elega
305 1615 364 1641 vn
386 1606 695 1655 procuratore,
722 1600 763 1641 al
787 1599 919 1655 quale
948 1601 1058 1655 ogn’
1091 1614 1181 1642 uno
1212 1599 1364 1642 mandi
1402 1600 1444 1643 le
1467 1615 1548 1643 sue
1578 1600 1800 1643 informa-

156 1676 282 1729 tioni,
308 1684 395 1719 etc.
429 1677 483 1719 El
512 1681 663 1718 tamen
701 1684 864 1732 questo
902 1692 992 1719 non
1016 1677 1171 1720 sisara
1209 1692 1352 1720 senon
1385 1677 1799 1721 immediatamente

155 1753 308 1796 auanti
337 1753 366 1795 il
390 1760 541 1809 tempo
578 1755 663 1797 che
692 1747 791 1797 sara
823 1754 1081 1797 necessario
1113 1769 1193 1810 per
1231 1754 1466 1797 ritrouarsi
1491 1755 1556 1810 gli
1578 1769 1800 1810 procura-

158 1830 244 1873 tori
267 1845 292 1873 a
316 1832 473 1885 Roma,
499 1845 632 1874 verso
655 1830 685 1872 il
703 1831 792 1873 fine
815 1830 860 1872 di
884 1831 1158 1875 Settembre.
1192 1833 1242 1874 In
1274 1839 1437 1886 questo
1463 1846 1617 1874 mezzo
1637 1832 1797 1887 puotra

156 1909 295 1952 esser'
321 1909 405 1950 che
427 1908 470 1949 le
492 1921 598 1951 cose
625 1907 741 1950 siino
764 1907 809 1949 di
839 1908 897 1951 tal
931 1908 1064 1950 modo
1094 1908 1262 1963 quiete,
1304 1910 1388 1951 che
1417 1908 1458 1951 ci
1486 1908 1609 1965 possi
1639 1909 1795 1952 andar’

155 1987 269 2028 Mro.
296 1985 518 2036 Emondo,
544 1992 589 2028 et
612 1986 706 2028 fare
730 2000 821 2028 non
849 1986 946 2027 solo
974 1970 1141 2040 quella,
1174 2001 1246 2030 ma
1274 1987 1302 2027 l'
1335 1986 1515 2043 integra
1538 2001 1796 2043 congrega·-

156 2061 278 2105 tione
301 2062 346 2104 di
368 2077 450 2105 sua
474 2061 723 2117 prouincia,
751 2069 838 2104 etc.
866 2063 999 2104 Altro
1023 2077 1114 2105 non
1138 2077 1324 2107 occorre
1347 2064 1389 2107 al
1416 2072 1642 2120 presente.
1676 2064 1796 2107 Nelli

152 2138 269 2182 santi
293 2139 504 2182 sacrificii
526 2146 570 2181 et
593 2138 785 2181 orationi
803 2140 921 2183 della
946 2141 997 2182 P.
1026 2141 1082 2183 V.
1110 2140 1152 2183 io
1176 2148 1221 2184 et
1254 2141 1475 2184 Ximenez
1497 2141 1796 2185 humilmente

153 2216 192 2259 ci
215 2216 623 2267 raccomandiamo,
649 2223 694 2258 et
717 2216 762 2257 in
786 2216 923 2272 quelli
947 2231 1112 2260 ancora
1134 2218 1240 2261 delli
1258 2218 1360 2261 Rdi.
1384 2219 1521 2262 Padri
1544 2218 1791 2270 assistenti,

154 2295 224 2336 del
250 2296 299 2337 P.
335 2294 550 2345 Polanco,
579 2295 631 2335 P.
675 2292 869 2346 Madrid,
913 2295 962 2336 P.
1002 2294 1335 2351 Ribadeneyra,
1367 2303 1454 2339 etc.
1483 2297 1714 2338 Dominus
1737 2297 1796 2337 sit

153 2371 398 2413 nobiscum.
424 2372 496 2413 Da
520 2369 725 2426 Pariggi,
752 2370 826 2412 alli
851 2382 904 2412 22
935 2370 980 2413 di
1003 2371 1194 2428 Giugno
1225 2373 1352 2427 1568.

243 2448 404 2499 Padre,
431 2462 639 2490 veremos
661 2447 726 2489 las
744 2461 877 2490 cosas
898 2451 1029 2491 como
1052 2463 1156 2500 van,
1183 2464 1212 2504 y
1235 2449 1368 2504 quiea
1385 2464 1433 2493 se
1457 2450 1629 2506 podran
1659 2452 1794 2494 hazer

227 2569 233 2586 ¹
287 2565 499 2611 Augerius,
520 2564 770 2612 provincialis
790 2565 1039 2612 Aquitaniae.

219 2628 232 2647 ”-'
284 2625 493 2661 Catharina
511 2625 559 2660 de
579 2624 756 2660 Medicis.
1119 2628 1133 2647 ⁵
1184 2627 1345 2663 Carolus
1371 2628 1533 2664 Guisius
1552 2628 1616 2671 (de
1635 2628 1789 2671 Guise).

219 2687 232 2706 ‘⁴
283 2685 348 2720 Sic
377 2686 416 2720 in
442 2686 655 2731 archetypo
679 2687 831 2728 (errore
854 2684 1020 2720 fortasse
1045 2686 1213 2730 librarii)
1238 2698 1306 2732 pro
1325 2688 1528 2729 Borbomz,
1554 2688 1603 2722 de
1627 2699 1703 2734 quo
1728 2687 1790 2721 hic

149 2756 275 2779 sermo
293 2756 381 2779 esse
401 2744 569 2779 videtur.
595 2744 759 2780 Carolus
785 2744 1002 2780 Borbonius
1022 2745 1091 2790 (de
1117 2747 1301 2782 Bourbon
1311 2752 1337 2790 ),
1357 2746 1431 2782 fuit
1449 2747 1655 2782 cardinalis
1675 2753 1715 2781 et
1733 2759 1788 2781 ar-

149 2803 420 2850 chiepiscopus
439 2803 739 2849 rotomagensis,
760 2803 858 2848 regii
877 2804 1028 2839 consilii
1047 2816 1217 2851 praeses,
1240 2811 1279 2840 et
1299 2812 1449 2852 postea,
1472 2817 1573 2841 anno
1595 2814 1699 2851 1590,
1719 2818 1787 2840 rex

149 2862 299 2897 Galliae
318 2864 392 2897 sub
410 2863 568 2898 nomine
587 2863 717 2898 Caroli
735 2863 770 2896 X
789 2864 1062 2908 proclamatus.
1080 2866 1140 2899 De
1160 2864 1263 2900 illius
1283 2877 1376 2911 erga
1395 2865 1646 2908 Societatem,
1666 2870 1705 2899 et
1723 2876 1788 2899 no-

150 2921 324 2957 minatim
340 2933 432 2967 erga
448 2922 676 2968 Augerium,
695 2923 972 2958 benevolentia
987 2923 1037 2958 cf.
1054 2923 1320 2966 SACCHINUM,
1332 2927 1406 2960 loc.
1422 2926 1504 2971 cit.,
1523 2925 1588 2960 lib.
1607 2926 1657 2967 II,
1674 2936 1711 2958 n.
1727 2924 1785 2968 64.

328 2987 444 3015 Emsr.
469 2989 506 3015 P.
530 2987 663 3020 NADAL,
684 2994 758 3014 τοΜ.
781 2987 840 3015 111.
1578 2989 1613 3016 30
