2101 3348
325 229 396 265 382
857 227 993 262 EPIST.
1021 226 1065 261 P.
1094 226 1362 272 NADAL-465

368 330 613 384 Inscriptio
638 330 688 371 in
712 332 869 370 octava
890 328 1089 384 pagina:
1104 329 1237 385 jhus.
1264 329 1524 372 Admodum
1547 329 1663 372 Rdo.
1693 329 1815 373 Patri
1837 345 1923 373 no-

280 415 372 449 stro
390 405 436 448 in
453 405 635 448 Christo
654 407 688 448 F
692 404 900 448 rancisco
925 419 950 447 a
969 404 1153 461 Borgia,
1173 405 1413 450 Societatis
1430 407 1540 464 Jesu
1563 406 1819 462 praeposito
1836 422 1920 464 ge-

278 483 435 535 nerali,
461 489 547 526 616.
576 484 732 526 Roma.
754 483 864 524 Alia
888 496 1046 525 manu:
1063 481 1153 543 ἠήρ.
1175 497 1215 525 6.
1237 497 1297 525 m.
1325 484 1450 538 1567.
1473 483 1725 540 Moguntia.
1749 486 1801 527 P.
1823 485 1917 528 Na-

282 559 383 602 tale.
413 571 467 601 20
490 559 534 601 di
558 560 592 602 F
596 558 718 602 ebr.⁰
741 559 792 603 C.
826 560 1080 616 Vestigium
1104 560 1267 616 sigilli.

1051 659 1174 699 465

727 732 778 774 Ρ.
817 732 1230 775 HIERONYMUS
1262 732 1480 775 NADAL

606 806 848 845 SANCTO
887 806 1244 845 FRANCISCO
1283 808 1359 843 DE
1397 807 1589 855 BORJA

729 881 994 919 MOGUNTIAE,
1014 882 1059 908 20
1077 881 1302 908 FEBRUARII
1323 874 1411 918 1567
1433 875 1463 910 ¹.

269 946 311 973 J,
333 938 494 973 Natalis
509 941 624 986 gesta
644 938 895 985 Moguntiae:
915 939 1013 973 ordo
1035 938 1231 973 tirocinii:
1249 940 1453 985 separatio
1475 940 1676 975 convictus
1699 942 1735 975 et
1759 939 1920 987 collegii

327 997 545 1033 Societatis:
566 998 793 1033 scholarum
812 998 1032 1032 ordinatio:
1058 998 1274 1044 disciplina
1298 999 1527 1034 domestica:
1556 1000 1766 1046 templum:
1785 1002 1920 1046 perso-

327 1066 422 1093 nae:
451 1058 597 1093 Petras
627 1057 875 1092 coloniensis:
907 1058 1103 1104 magister
1121 1056 1317 1103 Jodocus:
1348 1059 1428 1092 tres
1453 1058 1662 1093 candidati
1694 1058 1917 1094 Societatis:

326 1115 523 1151 librorum
557 1116 745 1152 delectus:
778 1116 912 1157 varia,
948 1117 1002 1150 ad
1036 1117 1291 1151 domesticam
1326 1116 1583 1163 disciplinam
1624 1118 1916 1164 spectantia.—

325 1184 365 1210 2.
390 1175 443 1210 P.
477 1176 597 1211 Vinck
623 1176 810 1211 Treviros
833 1175 1012 1210 mittitur
1030 1176 1084 1210 ad
1108 1178 1371 1222 tempus—3.
1397 1176 1458 1212 De
1483 1176 1648 1223 collegio
1672 1177 1915 1223 spirensi.—

326 1245 370 1278 4.
401 1234 813 1282 Asclzaffemburgnm
838 1235 998 1270 Natalis
1023 1247 1112 1270 cum
1137 1235 1229 1270 ΡΡ.
1274 1235 1395 1270 Vinck
1426 1239 1462 1271 et
1491 1237 1602 1271 Au-er
1627 1235 1916 1283 proficiscitur:

325 1307 415 1329 cum
433 1295 726 1342 archiepiscopo
744 1295 790 1329 de
813 1294 974 1341 collegii
991 1294 1225 1341 moguntini
1248 1295 1450 1343 dotatione
1476 1296 1809 1342 negotiatur.—-5.
1835 1296 1916 1331 Na-

326 1355 421 1389 talis
451 1353 770 1401 Francofordiae
799 1356 948 1389 statum
978 1354 1175 1388 sociorum
1206 1354 1383 1401 inspicit:
1408 1355 1586 1390 rationes
1606 1358 1684 1402 pro
1713 1358 1750 1391 et
1776 1358 1916 1391 contra

327 1412 487 1459 collegii
520 1413 812 1447 institutionem
847 1413 1046 1459 expendit:
1081 1412 1199 1447 illam
1233 1413 1399 1448 minime
1438 1414 1623 1460 expedire
1655 1414 1918 1449 concludit.—

327 1471 363 1506 6.
381 1471 653 1518 Difficztltates
666 1473 710 1507 in
711 1471 961 1518 fundatione
974 1472 1147 1518 spirensi
1162 1475 1411 1508 occurrentes
1419 1475 1804 1519 proponuntur.—7.
1815 1474 1917 1509 Her·

322 1531 532 1577 bipolensis
551 1534 776 1566 contractus
786 1531 975 1578 formala
991 1531 1122 1577 placet
1145 1531 1309 1567 Canisio
1327 1535 1363 1567 et
1381 1532 1536 1575 Natali3
1552 1536 1686 1579 pauca
1716 1536 1851 1569 tamen
1869 1534 1918 1568 ab

323 1591 392 1625 lzoc
409 1590 718 1625 notantur.—8.
744 1591 930 1626 Doctores
944 1591 1075 1626 selecti
1088 1602 1175 1625 cum
1193 1591 1318 1626 Patre
1333 1592 1455 1633 Plzae‘,
1471 1593 1759 1633 concionatore,
1774 1592 1918 1628 Herbi-

321 1650 448 1696 polim
469 1650 655 1684 mittendi
672 1650 874 1691 videntur,
898 1652 940 1684 ut
963 1650 1228 1696 expectationi
1244 1651 1419 1685 civitatis
1436 1650 1625 1697 satisfiat.

379 1728 414 1758 1.
475 1717 604 1773 Jhus.
638 1716 777 1759 Molto
800 1716 916 1758 Rdo.
945 1717 996 1758 Ρ.
1024 1717 1080 1758 N.
1108 1715 1151 1758 in
1177 1715 1372 1759 Christo.
1402 1718 1495 1759 Pax
1524 1716 1708 1768 Christi,
1740 1720 1839 1760 etc(
1862 1718 1911 1760 In

282 1799 440 1847 questa
462 1806 548 1835 con
569 1793 612 1835 la
644 1792 788 1848 gratia
810 1793 883 1836 del
916 1792 1110 1848 Signore
1142 1793 1249 1835 (13τό
1281 1792 1468 1849 ragione
1496 1794 1580 1836 alla
1610 1795 1663 1837 P.
1700 1795 1757 1837 V.
1794 1785 1910 1838 della

278 1869 548 1922 visitatione,
571 1870 862 1913 breuemente
881 1876 1051 1924 quanto
1070 1869 1247 1925 puotro,
1268 1876 1313 1913 et
1329 1869 1434 1912 delli
1451 1870 1625 1927 negotii
1643 1870 1813 1914 trattati
1830 1885 1910 1927 per

279 1946 325 1988 di
348 1961 450 2001 qua.
477 1947 522 1988 Io
547 1947 753 1991 venendo
778 1946 822 1989 di
845 1961 932 2001 qua
956 1946 1015 1988 mi
1039 1946 1318 1998 determinai,
1344 1946 1500 2002 prima,
1526 1962 1552 1989 a
1574 1962 1665 1990 non
1687 1948 1838 1991 andar'
1863 1947 1910 1991 in

281 2024 409 2076 freta,
436 2032 479 2067 et
503 2023 574 2079 poi
598 2024 859 2068 tratenermi
882 2038 942 2067 vn
958 2030 978 2051 ἃ
1007 2037 1119 2080 poco
1142 2023 1219 2079 piu
1241 2024 1312 2067 del
1335 2023 1603 2078 necessario,
1639 2039 1717 2080 per
1748 2025 1912 2082 pigliar

278 2101 444 2143 alchim
468 2100 718 2157 refrigerio,
750 2101 823 2145 del
852 2102 983 2156 quale
1012 2102 1191 2144 haueua
1213 2101 1258 2143 di
1280 2097 1504 2157 bisognio,
1530 2101 1806 2146 intendendo
1833 2116 1909 2145 65-

279 2179 365 2221 ser’
390 2185 547 2232 questa
570 2178 612 2220 la
632 2178 815 2221 volonta
837 2179 953 2220 della
978 2180 1029 2220 Ρ.
1056 2179 1132 2221 V.:
1158 2184 1203 2221 et
1225 2177 1417 2220 tuttavia
1435 2192 1517 2221 son
1535 2185 1652 2221 stato
1669 2179 1903 2222 continua-

279 2261 429 2296 mente
453 2261 687 2309 occupato,
713 2269 762 2299 se
784 2269 875 2297 non
897 2254 1035 2310 quelli
1055 2254 1201 2311 giorni
1223 2257 1306 2298 che
1335 2262 1451 2299 stete
1479 2256 1567 2297 co’l
1595 2255 1798 2312 principe
1815 2256 1829 2276 ²
1861 2255 1907 2298 in

279 2332 615 2387 Aschemburg.
644 2332 691 2373 In
715 2339 874 2387 questo
897 2331 1104 2388 collegio,
1132 2332 1246 2376 oltre
1268 2332 1352 2375 3116
1374 2346 1480 2375 6056
1498 2331 1722 2375 ordinarie
1738 2333 1794 2376 de
1810 2340 1905 2376 tut—

279 2408 326 2459 ti,
353 2409 471 2450 com'
497 2408 519 2450 6
542 2408 827 2460 essaminare,
853 2408 993 2452 sentir
1015 2408 1301 2461 confessioni,
1327 2410 1421 2453 fare
1443 2409 1760 2463 exhortationi,
1792 2417 1900 2462 etc.,

263 2499 387 2527 vsono
410 2492 525 2528 state
547 2485 683 2528 molte
706 2485 831 2545 altre,
853 2485 938 2529 alle
960 2486 1078 2541 quali
1102 2485 1494 2542 particolarmente
1517 2487 1575 2528 m'
1601 2486 1624 2529 ὲ
1647 2485 1904 2543 bisogniato

347 2629 367 2649 a
408 2622 492 2656 Hoc
511 2621 620 2656 verb.
640 2619 787 2655 addidit
805 2621 898 2656 libr.
922 2633 1036 2667 supra
1055 2633 1161 2657 vers.

351 2742 358 2761 ¹
412 2740 470 2774 Ex
489 2740 715 2785 archetypo,
735 2750 755 2774 a
774 2739 951 2784 Jimenez
970 2746 1142 2786 exaratO,
1162 2746 1202 2775 61
1226 2740 1376 2776 Ν313115
1396 2752 1509 2776 manu
1529 2740 1735 2776 emendato
1753 2747 1793 2776 et
1816 2743 1906 2778 sub·

260 2799 432 2845 >scriptO,
459 2799 497 2834 in
524 2799 658 2845 Epist.
682 2798 842 2841 Natal.‚
865 2798 916 2843 ΙΙ,
935 2798 1177 2845 quadruplici
1201 2798 1290 2845 fol.,
1315 2808 1379 2844 172
1404 2803 1610 2844 (524-527).
1641 2801 1700 2835 De
1725 2801 1842 2836 rebus
1866 2801 1906 2836 in

272 2860 345 2894 hac
376 2858 539 2904 epistola
571 2857 745 2894 tractatis
769 2856 824 2893 cf.
853 2857 1020 2904 append.
1047 2858 1117 2904 VI,
1143 2859 1231 2903 VII,
1264 2860 1392 2905 XVII,
1423 2860 1510 2906 XX,
1542 2860 1727 2906 XXVIII,
1758 2860 1902 2905 XXXI,

273 2918 454 2963 XXXVI,
474 2917 660 2952 XXXVII
679 2922 718 2952 et
736 2917 863 2952 XLII.

342 2980 355 2999 ‘-’
407 2976 450 3012 Id
480 2982 554 3020 est,
575 2967 735 3012 ‘elector
769 2981 808 3011 et
843 2975 1157 3023 archiepiscopus
1192 2978 1442 3023 moguntinus
1478 2978 1616 3014 Daniel
1652 2978 1818 3015 Brendel
1852 2980 1901 3015 ab

258 3037 497 3082 ·=Homburg.
