2141 3358
332 208 343 223 ²
380 201 451 228 xlv
810 190 1063 224 PROOEMIUM
1090 194 1229 222 TERTn
1254 194 1482 222 VOLUMlle

330 293 592 337 concionari
609 293 770 343 solere,
793 297 836 335 et
854 290 1040 345 insuper
1057 288 1388 344 imperatricem
1407 288 1589 344 petiisse
1610 294 1659 330 ut
1676 288 1817 330 semel
1834 287 1970 332 etiam

333 384 559 420 matronas
592 376 722 418 aulae
745 373 899 429 regiae
922 373 1251 427 alloqueretur,
1293 373 1406 414 haec
1430 371 1647 414 addebat:
1665 372 1778 413 «Ha
1801 372 1970 426 grand’

332 459 559 502 authoritii
584 471 799 513 appresso
828 456 857 498 l’
889 456 1032 498 Illmo.
1065 455 1235 510 legato,
1269 461 1314 499 et
1342 456 1473 498 Rmo.
1505 453 1683 505 nuntio,
1715 460 1760 497 et
1791 453 1898 496 tutti
1939 454 1971 496 li

331 541 532 598 prencipi
555 538 783 582 catholici.
805 537 1067 581 Confessasi
1085 551 1171 580 con
1193 537 1257 579 lui
1272 538 1448 592 publice
1472 538 1590 580 nella
1612 537 1768 581 chiesa
1792 537 1969 592 magio-

330 641 392 678 re,
419 632 462 668 et
485 623 585 666 dice
614 637 761 665 messa
785 622 963 678 publice
992 621 1111 664 nella
1139 621 1311 676 capella
1334 628 1488 663 nostra
1518 622 1560 663 le
1589 623 1702 664 feste
1733 628 1779 663 et
1806 622 1967 664 dome-

331 708 465 751 niche
487 708 515 749 l’
541 707 685 749 Illmo.
712 706 889 762 legato»
912 706 999 762 (26,
1028 705 1114 760 37).
1138 704 1265 748 Alias
1283 706 1339 748 de
1357 705 1528 748 Canisii
1550 705 1798 758 laboribus,
1820 706 1969 761 deque

330 789 505 846 ingenti
530 790 681 832 fructu
705 803 761 832 ex
786 788 948 832 iisdem
971 789 1181 840 collecto,
1207 790 1320 832 haec
1346 788 1541 844 Borgiae
1564 788 1820 832 nuntiabat:
1852 789 1972 831 «...11

331 876 382 916 P.
425 871 610 915 Canisio
649 873 815 925 hebbe,
858 878 1021 927 questa
1050 870 1293 914 settimana
1323 880 1456 914 santa
1485 871 1823 928 specialmente,
1857 886 1972 928 gran

327 970 551 1000 concorso
575 956 694 1000 nelle
716 970 799 999 sue
822 954 1055 1011 prediche,
1083 955 1169 999 alle
1192 955 1312 1010 quali
1345 957 1480 997 etiam
1512 969 1624 998 sono
1654 955 1814 998 uenuti
1843 969 1973 1010 pare-

330 1041 405 1082 ehi
438 1038 627 1083 heretici
656 1041 872 1095 (quorum
905 1039 1043 1081 corda
1072 1040 1201 1081 Deus
1232 1039 1488 1081 benedictus
1525 1053 1610 1081 sua
1649 1038 1971 1081 misericordia

330 1124 596 1165 illuminare
619 1123 882 1179 digneturss
912 1122 1099 1178 giouedi
1130 1129 1176 1164 et
1205 1122 1393 1165 venerdl
1427 1129 1559 1165 santo
1587 1122 1770 1178 predico
1798 1128 1914 1165 sette
1944 1135 1970 1163 O

327 1214 426 1249 otto
456 1209 580 1259 hore;
613 1206 871 1261 imperoche
903 1206 1089 1262 giouedi
1120 1206 1240 1262 dopo
1267 1220 1422 1249 mezzo
1450 1205 1613 1262 giorno
1643 1205 1916 1249 incomincio
1945 1220 1970 1248 a

333 1290 555 1346 predicar’
581 1290 633 1331 de
657 1290 882 1332 Passione
904 1304 983 1345 per
1006 1288 1081 1332 doi
1103 1304 1130 1332 o
1154 1296 1221 1332 tre
1245 1290 1372 1341 hore,
1399 1296 1444 1332 et
1466 1289 1654 1333 venerdi
1680 1290 1777 1333 fece
1800 1289 1874 1331 doi
1903 1290 1970 1332 al-

329 1380 397 1416 tre
421 1372 654 1429 prediche,
680 1372 953 1428 seguitando
976 1373 1018 1416 la
1040 1372 1202 1417 istessa
1226 1372 1412 1416 materia
1430 1388 1510 1429 per
1527 1373 1692 1429 cinque
1709 1373 1822 1416 altre
1838 1375 1964 1416 hore.

329 1458 395 1500 La
417 1456 654 1500 domenica
676 1457 780 1500 dell'
807 1456 929 1499 oliua
948 1456 1129 1512 publico
1148 1457 1179 1499 il
1195 1456 1396 1513 giubileo
1415 1456 1730 1500 ultimamente
1748 1470 1970 1500 concesso

324 1540 444 1582 dalla
466 1539 631 1583 santita
654 1539 698 1582 di
722 1547 880 1583 nostro
903 1539 1107 1596 signore,
1133 1540 1164 1582 il
1187 1541 1320 1596 quale
1337 1542 1395 1583 ha
1413 1539 1726 1596 guadagniato
1743 1554 1857 1595 gran
1876 1553 1964 1581 nu—

328 1637 452 1667 mero
475 1623 532 1666 de
553 1622 695 1679 genti.
722 1611 759 1665 E
782 1630 901 1666 stata
923 1638 1029 1666 cosa
1058 1624 1103 1666 di
1132 1623 1435 1680 grandissima
1464 1623 1752 1667 edificatione
1780 1629 1825 1667 et
1852 1637 1967 1665 con-

324 1706 547 1749 solatione
569 1707 642 1750 nel
665 1707 859 1762 Signore
881 1714 1055 1761 nostro,
1083 1715 1128 1750 et
1155 1706 1422 1767 confusione
1445 1722 1471 1749 a
1493 1705 1698 1758 heretici,
1725 1706 1892 1750 uedere
1921 1706 1968 1759 la¹

330 1788 598 1843 frequentia,
624 1790 666 1831 la
688 1789 940 1833 deuocione
961 1797 1006 1832 et
1029 1789 1321 1841 emulatione,
1353 1789 1396 1831 la
1425 1803 1535 1844 pace
1563 1795 1609 1832 et
1638 1788 1809 1830 charita
1838 1788 1964 1830 chri-

326 1871 475 1914 stiana
498 1873 582 1914 che
606 1879 764 1927 questa
787 1873 1029 1917 settimana
1051 1881 1186 1917 santa
1209 1875 1245 1916 s’
1271 1873 1295 1916 ὲ
1319 1873 1438 1915 uista
1460 1873 1535 1916 nel
1556 1873 1691 1915 domo
1709 1872 1816 1916 nelli
1835 1871 1962 1927 offitij

327 1954 486 2006 diuini,
513 1962 558 1997 et
581 1956 697 1999 nelle
719 1957 830 2000 altre
853 1956 1091 2001 chiese...»
1120 1957 1208 2013 (61,
1236 1957 1323 2012 62).
1358 1957 1475 1999 Cum
1507 1963 1660 2000 autem
1689 1955 1968 2011 experientia

327 2045 608 2092 compertum
631 2040 817 2083 haberet
836 2039 1047 2083 Canisius
1065 2039 1200 2083 simul
1218 2041 1303 2083 hos
1322 2040 1497 2082 fructus
1516 2046 1560 2083 et
1578 2044 1688 2083 suae
1705 2038 1967 2095 provinciae

332 2128 503 2164 rectam
527 2121 959 2166 administrationem
983 2123 1190 2179 impediri
1212 2122 1351 2166 sacris
1370 2138 1450 2179 per
1466 2122 1759 2166 Germaniam
1779 2121 1966 2177 expedi-

330 2203 545 2257 tionibus,
571 2203 654 2259 ipsi
677 2220 795 2248 anno
813 2206 1034 2262 superiori
1056 2206 1325 2259 commissis,
1351 2206 1533 2262 saepius
1556 2205 1650 2249 suis
1668 2205 1967 2248 moderatori-

329 2288 414 2329 bus
436 2289 518 2330 has
542 2295 585 2331 et
608 2288 716 2332 alias
739 2290 970 2345 graviores
1000 2290 1292 2335 difficultates
1322 2290 1548 2348 exposuit,
1581 2299 1631 2332 ut
1660 2292 1716 2333 ab
1747 2289 1833 2332 illis
1855 2289 1966 2333 libe-

327 2378 502 2412 raretur
525 2372 611 2426 (35,
641 2373 711 2425 36,
739 2384 810 2428 59,
842 2375 920 2416 128
939 2375 1046 2431 etc.)
1065 2375 1263 2418 Dolebat
1280 2382 1514 2430 praeterea
1538 2381 1724 2416 sanctus
1746 2373 1830 2426 vir,
1851 2373 1963 2416 ado-

324 2453 589 2496 lescentium
628 2454 671 2495 in
712 2456 985 2501 Societatem
1024 2458 1324 2501 admissorum
1363 2457 1695 2501 institutionem
1734 2472 1827 2500 non
1866 2463 1959 2499 tam

324 2541 540 2578 accurate
562 2535 701 2591 exigi,
728 2545 963 2591 quantum,
989 2548 1033 2584 et
1056 2540 1292 2597 religionis
1314 2540 1590 2594 institutum,
1617 2546 1663 2584 et
1685 2539 1960 2584 Germaniae

323 2623 485 2669 status,
508 2619 809 2672 postulabant.
831 2622 935 2665 Ideo
953 2631 1173 2677 quantum
1192 2624 1338 2680 potuit
1356 2624 1549 2676 curavit,
1571 2631 1621 2666 ut
1639 2622 1796 2679 optimi
1814 2622 1963 2678 magi-

324 2699 406 2742 stri
429 2699 721 2753 novitiorum,
748 2716 828 2757 pro
852 2718 960 2747 suae
984 2706 1243 2760 provinciae
1267 2706 1490 2759 tirocinio,
1517 2709 1688 2751 Romae
1710 2707 1963 2749 formaren-

324 2789 397 2824 tur
419 2782 552 2839 (144).
581 2782 856 2827 Libertatem
876 2800 1057 2842 quoque
1086 2790 1330 2833 Societatis
1352 2797 1557 2843 strenue,
1583 2803 1687 2832 cum
1712 2791 1765 2832 Ρ.
1792 2788 1960 2840 Natali,

322 2864 588 2918 vindicavit,
611 2866 754 2909 Eckio
772 2868 900 2910 ducis
920 2871 1135 2914 Bavariae
1154 2873 1424 2916 cancellario
1448 2878 1797 2929 repraesentans
1816 2886 1964 2926 quan—

324 2954 419 2990 tum
443 2947 706 3004 disciplinae
729 2950 969 3006 religiosae
992 2962 1209 2997 nocerent
1233 2955 1481 3011 patrocinia
1511 2955 1692 3009 discolis
1720 2955 1794 2997 vel
1822 2953 1959 2998 etiam
