2101 3348
324 233 392 269 104
834 221 973 255 EPIST.
1003 220 1046 254 P.
1077 218 1269 253 NADAL—
1281 216 1351 261 384

266 340 290 369 e
313 328 396 369 che
415 324 597 381 possino
621 323 871 366 andarsene
894 334 980 362 con
1010 320 1052 363 13
1076 319 1242 362 familia
1272 325 1317 362 et
1343 317 1542 362 uendere
1563 315 1594 358 li
1621 315 1743 369 beni,
1769 315 1798 358 il
1820 317 1905 359 che

265 402 583 458 specialmente
620 400 645 442 6
668 398 713 440 in
749 399 905 440 fauore
936 397 993 440 de
1023 395 1251 447 catholici,
1289 395 1318 437 li
1347 393 1468 449 quali
1500 400 1638 437 erano
1667 392 1848 436 ssorzati
1877 408 1903 436 a

266 486 383 521 stare
403 479 468 520 fra
491 477 519 518 li
537 474 740 527 heretici,
763 481 808 518 et
831 472 1045 529 patiuano
1064 473 1408 528 grandemente,
1429 478 1474 515 et
1491 477 1681 514 stauano
1698 469 1744 512 in
1760 484 1899 526 gran—

264 555 447 598 dissimo
473 553 684 608 pericolo.
718 553 775 594 Et
797 565 877 607 per
910 556 1072 605 questo
1101 563 1192 591 non
1221 548 1338 591 sida
1374 549 1640 604 simpliciter
1669 548 1712 590 la
1739 547 1900 591 liberta

265 631 381 675 della
398 630 636 687 religione,
657 628 869 672 massime
891 626 997 670 nelli
1022 626 1181 682 luoghi
1204 626 1308 669 delli
1331 625 1521 682 principi
1542 624 1767 678 catholici,
1788 626 1844 668 ne
1862 624 1900 668 si

264 710 367 751 leua
389 708 431 749 la
454 709 629 763 potesta
648 707 704 749 de
727 703 892 762 questi,
918 704 963 746 di
993 705 1207 747 mandare
1230 705 1280 746 in
1302 704 1491 746 exilium
1513 702 1666 758 quelli,
1687 703 1765 758 qui
1787 702 1900 759 defi-

261 785 386 827 ciunt
402 785 473 826 uel
490 784 542 825 de
537 784 742 841 fecerint
759 798 786 824 a
805 781 1030 837 religione
1054 780 1284 833 catholica,
1303 795 1431 824 come
1453 780 1478 823 6
1495 780 1538 822 13
1554 779 1744 835 prattica
1766 780 1903 837 dapoi

264 862 353 904 che
375 861 418 903 la
442 874 554 916 pace
576 861 601 903 6
625 861 749 902 fatta.

357 950 373 981 1
388 950 403 981 Ι
415 937 449 980 .⁰
512 938 546 980 Il
575 938 664 980 11.⁰
687 936 872 980 articolo
891 939 981 993 puo
1003 950 1161 992 parere
1180 937 1264 979 che
1283 935 1442 991 tenghi
1460 936 1653 978 alchuna
1670 934 1899 987 difficolta,

262 1014 453 1058 dicendo
475 1015 613 1070 (quod
631 1015 672 1056 sz·
689 1015 794 1057 talis
809 1015 1070 1070 pacificatio
1088 1016 1127 1056 et
1149 1013 1389 1055 concordia
1405 1018 1493 1068 per
1515 1013 1637 1054 viam
1664 1012 1902 1069 generalis

264 1091 443 1147 concilis
472 1106 567 1134 non
596 1092 973 1148 consequeretur)
997 1090 1320 1147 specialmente
1345 1089 1469 1146 dipoi
1506 1091 1623 1134 della
1659 1090 1901 1132 confirma-

264 1167 384 1211 tione
413 1169 485 1212 del
518 1167 709 1211 concilio
739 1168 1000 1222 tridentino,
1033 1167 1161 1223 quasi
1190 1169 1274 1210 che
1303 1181 1394 1209 non
1416 1166 1482 1210 sia
1505 1168 1616 1210 satta
1648 1167 1700 1209 de
1728 1168 1830 1209 iure
1857 1167 1900 1210 13

263 1244 520 1298 concordia,
546 1252 590 1288 et
613 1250 764 1287 tamen
786 1260 893 1301 pare
916 1260 1007 1288 non
1030 1259 1179 1287 essere
1202 1244 1312 1297 cosi,
1334 1245 1500 1300 perche
1517 1245 1621 1300 quel
1638 1246 1898 1300 (conseque-

265 1324 415 1378 retur)
438 1323 482 1364 in
508 1323 721 1366 thedesco
744 1338 834 1366 non
864 1338 985 1379 nega
1023 1323 1135 1365 altro
1175 1338 1223 1366 se
1242 1332 1339 1365 ‘non
1364 1323 1548 1380 factum
1582 1323 1665 1374 rei,
1688 1337 1779 1364 non
1810 1323 1898 1375 ius,

263 1413 391 1442 come
412 1399 448 1442 51
472 1400 589 1443 uede
611 1399 916 1443 chiaramonte
933 1415 1014 1456 per
1031 1400 1072 1443 le
1090 1400 1244 1455 parole
1261 1399 1307 1441 di
1326 1406 1487 1454 questo
1505 1399 1705 1442 articolo.
1728 1401 1784 1442 Et
1802 1399 1897 1442 cosi

265 1477 291 1519 6
314 1477 578 1528 realmente,
604 1478 771 1532 perche
793 1478 849 1520 de
872 1477 993 1520 facto
1031 1492 1124 1520 non
1147 1479 1171 1520 6
1196 1477 1424 1533 seguitata
1448 1477 1490 1519 la
1511 1491 1622 1532 pace
1647 1484 1692 1521 et
1709 1490 1900 1519 concor—

264 1553 338 1595 dia
362 1554 478 1596 nella
503 1553 722 1610 religione
750 1568 829 1609 per
856 1554 888 1596 il
916 1554 1106 1597 concilio
1136 1554 1395 1606 tridentino,
1428 1555 1761 1610 perseuerando
1783 1554 1902 1598 nella

264 1630 543 1673 obstination
566 1645 647 1674 sua
669 1631 700 1672 li
722 1631 1007 1687 protestanti.

355 1709 446 1749 12.⁰
510 1709 596 1752 Nel
631 1707 724 1751 12.ο
754 1708 791 1750 51
821 1709 945 1764 parla
974 1709 1090 1751 delle
1123 1709 1232 1752 citta
1261 1709 1401 1752 libere
1431 1716 1476 1752 et
1505 1708 1744 1764 imperiali,
1780 1710 1898 1766 nell-e

257 1783 378 1838 quali
400 1785 471 1827 all’
497 1786 607 1827 hora
631 1784 741 1841 (6106
764 1786 868 1829 nell’
895 1800 1013 1828 anno
1044 1797 1091 1839 15
1100 1796 1121 1840 5
1130 1788 1167 1841 5)
1193 1801 1330 1830 erano
1352 1787 1395 1829 la
1415 1785 1635 1842 religione
1669 1786 1895 1829 catholica

257 1867 302 1903 et
324 1861 352 1902 l’
379 1861 489 1904 altra
506 1861 580 1917 gia
603 1863 652 1904 in
674 1877 761 1904 usn
778 1877 857 1918 per
880 1863 1046 1905 alchun
1071 1870 1238 1919 tempo,
1266 1865 1350 1906 che
1379 1864 1603 1906 amhedue
1625 1863 1742 1919 parti
1761 1864 1828 1906 fra
1850 1863 1895 1905 di

257 1952 308 1981 se
331 1938 549 1993 tenghino
572 1939 613 1981 la
635 1953 760 1994 pace.
794 1941 850 1982 Et
873 1946 1033 1995 questo
1057 1941 1113 1983 da
1134 1941 1273 1983 molto
1297 1941 1420 1984 aiuto
1451 1940 1524 1983 alli
1554 1939 1781 1993 catholici,
1809 1942 1894 1984 che

258 2015 521 2057 trouandosi
544 2016 609 2058 fra
631 2018 804 2072 grande
842 2017 1131 2060 moltitudine
1160 2019 1217 2060 de
1244 2018 1690 2074 protestanti,.come
1720 2018 1766 2060 in
1795 2019 1897 2061 Au-

259 2099 409 2147 gusta,
437 2107 634 2147 possono
665 2096 820 2136 restar'
853 2093 899 2136 in
932 2110 1012 2137 sua
1045 2095 1264 2151 religione
1295 2103 1626 2140 securamente.
1661 2097 1717 2138 Et
1747 2095 1897 2151 quello

255 2169 341 2210 che
358 2168 395 2210 si
411 2169 510 2211 dice
527 2170 703 2218 (debent
713 2171 901 2226 posthac
920 2173 983 2214 z‘ta
1001 2178 1208 2227 manere)
1225 2175 1260 2216 s’
1283 2173 1482 2226 intende,
1505 2188 1633 2217 come
1651 2175 1686 2216 S'
1708 2174 1732 2216 6
1751 2174 1892 2225 detto,

255 2246 342 2289 che
363 2260 454 2288 non
477 2246 687 2290 debbono
710 2248 762 2290 de
776 2249 922 2306 facto,
945 2256 1064 2292 sotto
1086 2250 1127 2293 le
1155 2265 1270 2305 pene
1301 2251 1374 2294 del
1398 2265 1592 2304 recesso,
1626 2264 1895 2307 oppugnare

258 2321 395 2378 quelli
420 2323 537 2365 della
561 2324 782 2367 contraria
806 2332 948 2380 parte,
976 2327 1032 2369 ne
1050 2341 1201 2371 essere
1224 2327 1492 2383 oppugnati.

349 2399 465 2442 Nelli
490 2400 589 2442 altri
613 2401 785 2443 articoli
810 2404 892 2446 che
923 2410 1102 2446 restano
1126 2419 1216 2446 non
1246 2406 1317 2447 c’e
1340 2405 1454 2447 altro
1478 2408 1561 2448 che
1583 2406 1625 2448 la
1646 2405 1891 2448 confirma—

259 2475 379 2518 tione
401 2477 518 2520 della
542 2492 651 2533 pace
673 2486 773 2522 soto
795 2480 837 2522 la
860 2495 974 2535 pena
997 2488 1083 2523 etc.
1106 2483 1191 2523 che
1214 2481 1250 2524 51
1268 2482 1382 2525 dice.

346 2554 473 2597 Haec
492 2570 516 2597 a
534 2555 664 2598 nobis
681 2556 801 2599 dicta
814 2557 918 2610 sint,
934 2564 977 2600 et
996 2557 1199 2601 subiecta
1218 2567 1480 2603 reuerenter
1498 2559 1664 2602 iudicio
1684 2561 1730 2604 S.
1755 2562 1810 2602 D.
1830 2560 1887 2602 N.

258 2636 303 2673 et
325 2639 508 2675 sanctae
531 2632 650 2675 sedis
673 2634 960 2689 apostolicae,
987 2635 1279 2690 omniumque
1310 2636 1476 2679 rectius
1506 2636 1798 2680 sententium.

257 2707 585 2753 HIERONYMUS
618 2711 849 2754 NATALIS.
889 2713 1083 2755 PETRUS
1115 2713 1364 2756 CANISIUS.
1391 2715 1608 2771 JACOBUS
1640 2715 1889 2757 LEDESMA.
