2101 3348
766 271 807 308 17
834 262 989 298 MARTn
1018 269 1107 307 1577
1640 260 1711 307 739

203 363 260 407 V.
288 365 344 407 P.
372 363 433 406 mi
457 364 646 420 perdoni
667 364 709 408 la
732 364 1009 419 misculanca
1025 363 1082 406 de
1104 362 1278 419 lingue.
1300 360 1355 406 El
1372 362 1591 418 galardon
1613 363 1672 405 ha
1691 363 1759 407 le-

108 439 235 482 ‘uado
256 440 445 497 consigo
459 441 501 483 el
523 448 658 484 resto.
681 443 780 485 Mas
804 442 987 497 quando
1010 455 1069 483 no
1091 439 1278 483 miscolo
1300 438 1344 482 io
1366 445 1412 483 et
1434 440 1691 495 ambaracol

207 517 450 573 Inscriptio
472 518 523 559 in
545 522 712 573 quarta
726 519 923 575 pagina,
942 519 1036 560 alia
1054 531 1211 559 manu:
1235 518 1265 574 †
1289 517 1551 560 Admodum
1570 517 1685 559 Rdo.
1708 517 1757 560 in·

117 594 198 637 X.⁰
221 593 345 637 Patri
374 595 431 637 N.
459 582 512 638 P.
545 595 777 639 Euerardo
809 594 1112 646 Mercuriano,
1145 593 1402 650 praeposito
1432 593 1634 650 generali
1667 594 1755 638 So-

106 670 293 715 ·cietatis
309 673 434 729 JeSU.
459 673 643 716 Romae.
671 673 779 733 Alia
801 686 959 714 manu:
987 682 1106 726 1577.
1136 671 1268 714 Hala.
1292 673 1339 713 P.
1360 669 1594 714 Girolamo
1613 671 1756 713 Nata·

110 748 174 792 le.
200 747 370 791 Vltimo
391 748 436 790 di
458 749 493 790 F
497 749 672 792 ebraro.
700 749 858 805 Slgz‘lli
880 749 1142 805 vestigium.

874 896 992 934 615

561 982 612 1023 Ρ.
644 980 1059 1023 HIERONYMUS
1088 979 1307 1022 NADAL

436 1056 617 1104 PATRI
652 1067 988 1105 EVERARDO
1023 1066 1433 1104 MERCURIANO

660 1154 818 1190 HALAE,
842 1154 882 1190 17
909 1154 1054 1180 MARTJI
1078 1153 1166 1189 1577
1187 1145 1212 1181 ¹.

111 1224 406 1259 Annotationes
424 1226 460 1260 et
478 1224 732 1259 concordiam
751 1223 1026 1270 evangelicam
1051 1223 1251 1257 emendat:
1276 1222 1323 1256 de
1347 1222 1450 1256 socio
1473 1233 1560 1256 suo:
1586 1221 1754 1257 Italiam

211 1284 377 1331 cogitat:
392 1283 589 1318 librorum
607 1285 834 1328 emptorum
852 1282 1090 1317 solutionem
1101 1281 1342 1328 faciendam
1360 1284 1658 1317 commemorat.

209 1367 239 1423 ἢ·
302 1367 443 1410 Molto
466 1366 579 1409 Rdo.
609 1368 661 1409 P.
687 1367 745 1409 N.
773 1364 819 1407 in
842 1364 927 1408 X.⁰
950 1367 1046 1408 Pax
1069 1363 1144 1407 Xfi
1172 1365 1275 1407 Ana
1298 1364 1414 1407 della
1448 1365 1501 1406 P.
1535 1365 1591 1407 V.
1618 1364 1674 1407 de
1699 1376 1750 1419 31

115 1443 174 1487 de
196 1442 452 1486 Diziembre
474 1443 550 1499 gia
573 1442 758 1499 resposi.
786 1443 836 1484 In
866 1448 1026 1498 questa
1056 1440 1251 1497 repetito
1276 1442 1571 1485 breuemente
1600 1441 1755 1496 quello

114 1533 205 1576 que
226 1520 386 1564 diceua
410 1521 526 1564 nelle
548 1520 636 1563 mie
659 1520 716 1563 de
737 1519 1007 1563 Deziembre
1035 1526 1080 1562 et
1103 1526 1124 1546 a
1147 1520 1365 1576 JannarQ
1399 1519 1566 1574 perche
1595 1518 1754 1561 dubita

114 1597 145 1639 il
168 1599 220 1641 Ρ.
248 1597 493 1641 Rabastien
515 1597 535 1624 b
562 1598 576 1618 ²
601 1599 687 1642 che
708 1597 835 1640 siano
858 1611 1006 1652 perse,
1027 1603 1072 1639 et
1095 1595 1302 1638 desidero
1326 1597 1468 1638 hauer
1485 1595 1678 1651 risposta
1696 1596 1754 1638 da

116 1675 173 1718 V.
217 1676 268 1718 P.
301 1674 345 1717 di
374 1674 535 1731 gratia.
577 1675 759 1717 Ancora
797 1673 939 1716 siamo
972 1672 1181 1729 occupati
1210 1672 1300 1715 mio
1330 1686 1588 1728 compagno
1617 1679 1663 1716 et
1691 1672 1752 1724 io,

118 1753 237 1796 nella
264 1751 462 1794 reuision
498 1752 615 1795 delle
651 1750 855 1807 imagini,
888 1757 933 1795 et
965 1749 1269 1801 annotationi,
1301 1757 1346 1792 et
1376 1749 1674 1803 meditationi,
1708 1756 1755 1793 et

113 1828 444 1872 concordantie
460 1828 565 1870 delli
582 1827 809 1884 euangelii
827 1829 859 1870 ³.
874 1827 1022 1870 Finita
1037 1833 1197 1882 questa
1214 1826 1527 1882 occupatione,
1543 1826 1753 1871 desidero

121 1921 251 1962 saper
274 1921 323 1950 se
345 1906 513 1948 andare
536 1921 561 1948 a
585 1905 779 1948 Fiandra
797 1904 885 1947 mio
903 1918 1158 1960 compagno
1180 1904 1195 1924 ⁴²
1219 1908 1263 1945 vt
1278 1904 1456 1959 praesit
1471 1904 1612 1959 prelo,
1635 1903 1756 1960 dipoi

121 1983 165 2026 di
187 1990 376 2039 prouata
398 1984 441 2025 la
463 1997 599 2038 opera
621 1998 700 2038 per
724 1982 786 2038 gli
809 1981 1001 2029 censori,
1034 1982 1259 2036 supposito
1288 1982 1373 2023 che
1395 1980 1437 2023 io
1459 1995 1551 2022 non
1580 1982 1607 2022 l'
1626 1982 1687 2023 ho
1710 1981 1756 2023 di

120 2060 336 2116 bissogno
359 2060 451 2115 piu,
473 2073 600 2102 come
623 2058 744 2115 dipoi
762 2058 877 2111 diro,
899 2073 925 2101 0
947 2058 982 2100 51
1007 2072 1091 2100 con
1111 2057 1173 2113 gli
1191 2057 1334 2100 scritti
1357 2058 1523 2100 andare}
1549 2072 1575 2100 0
1600 2059 1754 2101 Vene—

119 2138 180 2181 tia
209 2153 234 2181 o
264 2139 406 2180 Roma
434 2152 511 2192 per
538 2136 570 2178 il
592 2135 838 2180 medesimo
865 2137 1037 2179 effetto.
1072 2136 1118 2177 Io
1141 2135 1266 2190 parlo
1299 2134 1344 2177 in
1375 2142 1552 2189 questo,
1585 2136 1751 2190 perche

117 2214 249 2258 intesi
267 2215 309 2257 la
339 2214 526 2256 volunt&
548 2213 593 2255 di
617 2215 673 2256 V.
702 2215 754 2256 Ρ.
781 2227 859 2268 per
882 2212 911 2254 il
945 2214 997 2255 P.
1030 2211 1260 2255 Florentio
1283 2213 1314 2264 ⁵,
1340 2212 1517 2254 benche
1542 2212 1572 2254 il
1595 2213 1751 2256 mede·

117 2291 231 2335 simo
260 2292 406 2334 Padre
442 2290 707 2334 desideraua
745 2289 920 2346 magior
948 2289 1111 2331 certitu
1135 2289 1180 2331 di
1203 2289 1352 2344 quella
1375 2296 1419 2333 et
1442 2304 1562 2332 noua
1586 2289 1754 2332 ricom-

119 2368 379 2412 mandation
409 2368 483 2410 alli
507 2367 641 2410 Padri
663 2366 708 2409 di
737 2368 772 2409 F
777 2366 931 2410 iandra
954 2366 998 2408 di
1026 2372 1144 2408 tutto
1167 2366 1197 2408 il
1221 2365 1423 2422 negotio.
1455 2366 1516 2409 Mi
1541 2382 1648 2422 pare
1670 2368 1755 2411 che

119 2461 211 2489 non
233 2445 270 2488 si
293 2445 517 2501 stampas&
540 2445 656 2488 bene
678 2451 695 2471 0
724 2442 752 2485 l’
775 2458 912 2499 opera
934 2457 1069 2486 senza
1092 2449 1256 2498 questo
1281 2443 1442 2486 Padre.
1465 2444 1499 2486 Ι1
1524 2443 1590 2486 2.⁰
1614 2445 1639 2486 e
1670 2445 1755 2487 che

123 2524 165 2566 io
187 2523 247 2566 mi
270 2529 398 2567 sento
422 2521 519 2565 cusi
543 2522 631 2564 mal
659 2520 861 2576 disposto
889 2527 934 2563 et
956 2520 1205 2572 debilitato,
1231 2521 1318 2563 che
1340 2535 1431 2563 non
1455 2521 1591 2563 credo
1624 2528 1756 2576 poter

192 2667 211 2687 a
250 2660 334 2707 Hoc
354 2659 463 2693 verb.
485 2669 600 2704 supra
625 2669 727 2692 vers.
755 2656 915 2691 addidit.
943 2656 1065 2690 N.—-b
1081 2655 1161 2702 Sic,
1183 2666 1253 2702 pro
1277 2657 1601 2692 Rabenstein.-c
1621 2656 1756 2702 Sequi-

121 2724 183 2753 tur
206 2730 325 2753 unum
351 2718 460 2752 verb.
488 2717 684 2752 obliterat.

189 2839 196 2858 ¹
249 2839 307 2873 Ex
326 2836 579 2881 autographo,
600 2835 640 2869 in
658 2834 786 2881 Epist.
814 2833 967 2876 Natal.‚
991 2834 1043 2876 II,
1065 2832 1211 2879 duplici
1230 2833 1312 2879 fol.‚
1335 2842 1400 2877 255
1422 2835 1536 2878 (194).

187 2900 200 2919 '2
253 2898 422 2942 Joannes
442 2893 696 2937 Rabcnstein,
716 2897 844 2927 rector
862 2891 1016 2937 collegii
1037 2891 1370 2937 ingolstadiensis.

188 2958 201 2978 ³
252 2955 352 2990 Vide
371 2954 499 3001 Epist.
521 2953 675 2994 Natal„
695 2953 723 2993 Ι,
745 2951 839 2987 Cod.
860 2960 920 2992 Io,
940 2962 1028 2997 pag.
1050 2960 1212 2986 xxxvn.

190 3017 204 3036 ⁴
254 3014 296 3048 P.
319 3015 489 3059 Joannes
507 3010 745 3046 Zonhovius.
766 3009 866 3045 Vide
885 3008 1000 3055 epist.
1020 3008 1106 3044 603.

184 3075 205 3094 ὃ
255 3072 442 3107 Martinus
461 3070 696 3115 Florentius,
714 3068 763 3104 de
781 3079 857 3115 quo
875 3067 964 3102 vide
984 3067 1098 3113 epist.
1119 3067 1201 3112 596,
1222 3066 1291 3111 605
1311 3072 1350 3101 et
1368 3066 1450 3101 608.
