2141 3358
374 210 460 237 xxn
805 198 1057 233 PROOEMlUM
1083 203 1223 231 ΤΕΒ-[ιι
1247 203 1475 231 VOLUMlle

329 302 522 347 comitiis
544 300 802 359 provinciae
825 299 1028 351 interest,
1054 297 1248 354 collegia
1272 304 1438 341 cuncta
1460 296 1636 341 Galliae
1658 296 1852 340 invisere
1874 310 1962 340 cua

328 387 417 443 pit3
450 387 544 439 sed,
580 383 799 427 consultis
836 382 1048 425 Patribus
1083 381 1430 437 antiquioribus,
1471 391 1515 425 et
1545 378 1729 437 cognita
1760 380 1961 436 Borgiae

328 476 493 521 mente,
520 468 596 524 qui
618 467 825 510 Natalem
850 467 1038 509 Romam
1070 466 1214 509 redire
1248 466 1505 521 exoptabat,
1531 464 1705 509 Galliae
1726 463 1957 516 valedicit,

327 560 371 595 et
395 551 531 596 Urbis
552 551 637 594 iter
657 549 812 605 arripit
837 550 1068 606 (631-634,
1096 550 1198 607 639,
1225 549 1342 605 640).

414 634 457 690 b)
520 634 718 685 Natalis,
735 632 968 675 Societatis
986 633 1191 675 vicarius
1204 631 1610 689 generalis—Die
1629 644 1683 686 30
1695 630 1821 688 Junii
1839 644 1964 673 anno.

334 728 438 772 1571
472 718 507 759 F
511 715 742 758 ranciscus
771 715 954 771 Borgia,
982 715 1174 770 jubente
1202 730 1380 758 summo
1409 715 1623 772 pontifice
1653 714 1736 758 Pio
1765 716 1823 768 V,
1855 727 1962 757 cum

328 799 541 844 cardinali
573 798 883 842 Alexandrino
914 798 960 841 in
994 798 1260 855 Hispaniam
1289 799 1675 855 proficiscebatur.
1708 799 1778 843 Ne
1807 805 1964 842 auten}

328 885 426 939 ejus
448 898 503 927 ex
533 884 643 926 urbe
672 882 876 926 absentia
913 882 1122 938 regimini
1159 882 1298 926 totius
1331 882 1573 927 Societatis
1605 882 1787 937 aliquod
1818 881 1960 924 detri-

330 974 530 1010 mentum
553 967 712 1009 afferre
733 972 904 1022 posset,
929 965 1148 1009 vicarium
1171 966 1431 1022 generalem
1450 965 1725 1010 renuntiavit
1745 967 1795 1008 P.
1819 966 1956 1008 Nata-

329 1051 432 1103 lem,
459 1049 535 1105 qui
556 1048 766 1092 omnibus
787 1048 1047 1105 provinciis,
1068 1049 1251 1105 dempta
1269 1049 1516 1105 Hispaniae
1534 1048 1806 1100 assistentia,
1827 1062 1959 1104 prae-

331 1140 464 1177 esset.
492 1134 592 1175 Hoc
616 1138 768 1176 autem
790 1131 938 1175 officio
961 1131 1218 1187 quindecim
1241 1132 1474 1176 mensibus
1497 1139 1622 1175 tanta
1650 1131 1885 1188 diligentia
1913 1139 1958 1174 et·

333 1216 563 1259 alacritate
585 1215 720 1258 animi
744 1216 929 1259 functus
951 1222 1020 1259 est
1043 1215 1232 1270 Natalis,
1258 1222 1309 1259 ut
1330 1215 1501 1258 homini
1528 1221 1772 1272 provectae
1799 1215 1965 1259 aetatis.

333 1307 378 1343 et
414 1300 601 1343 affectae
629 1298 901 1342 valetudinis
934 1298 1078 1343 «vires
1104 1298 1338 1341 divinitusv
1358 1298 1461 1341 addi
1497 1299 1784 1343 viderentur»
1827 1297 1964 1355 (814)ι

337 1383 518 1437 «Itaque
541 1397 632 1425 non
655 1384 826 1425 Romae
849 1382 994 1425 solum
1017 1389 1203 1438 totaque
1224 1382 1367 1435 Italia,
1393 1397 1553 1426 uerum
1576 1382 1711 1425 etiam
1739 1381 1786 1424 in
1813 1380 1963 1424 omni-

333 1467 419 1509 bus
442 1466 515 1510 uel
538 1465 728 1518 Galliae,
756 1466 829 1508 uel
854 1465 1127 1510 Germaniae
1155 1465 1400 1522 prouinciis
1428 1465 1648 1522 singulari
1675 1464 1761 1508 Dei
1788 1465 1963 1509 benefi-

334 1548 404 1591 cio
427 1549 744 1604 percommode
766 1548 916 1592 omnia
939 1548 1415 1601 administrabantur»,
1441 1555 1492 1591 ut
1515 1551 1567 1592 Ρ.
1594 1548 1798 1606 Jimenez
1820 1547 1865 1590 in
1888 1547 1962 1590 lit-

334 1631 442 1675 teris
464 1632 625 1675 annuis
647 1632 752 1675 anni
782 1643 887 1686 1571
915 1633 1138 1677 referebat
1161 1632 1293 1689 (814).
1320 1635 1447 1676 Duas
1468 1633 1555 1675 hoc
1579 1639 1782 1688 ternpore
1798 1632 1963 1675 acade-

334 1714 446 1758 mias
468 1716 719 1772 acceptavit
742 1716 966 1769 Societas,
992 1717 1178 1761 alteram
1201 1716 1463 1768 Mediolani,
1495 1715 1821 1772 Lotharingiae
1848 1715 1970 1758 alte--

336 1813 445 1851 ram3
472 1800 642 1843 Fuldae
665 1799 708 1842 in
731 1800 976 1843 Germania
999 1800 1242 1857 collegium
1264 1800 1523 1843 institutum
1546 1806 1630 1852 est3
1656 1800 1775 1843 duae
1796 1799 1962 1855 proba-

336 1880 470 1924 tionis
491 1882 668 1939 domus,
694 1884 876 1927 Aronae
899 1883 1070 1928 scilicet
1092 1883 1138 1926 in
1161 1883 1495 1939 Longobardia,
1521 1890 1567 1928 et
1590 1885 1771 1927 Brunae
1793 1882 1839 1925 in
1861 1884 1964 1926 Mo-

336 1964 476 2017 ravia,
502 1974 692 2019 erectae3
717 1966 912 2010 admissa
933 1974 1002 2011 est
1023 1968 1186 2010 domus
1208 1967 1410 2023 professa
1433 1965 1795 2019 mediolanensis3
1815 1972 1861 2010 et
1879 1965 1971 2010 alia.

337 2048 478 2091 multa
501 2047 689 2092 feliciter
710 2051 794 2092 sub
819 2051 871 2093 P.
897 2050 1072 2094 Natalis
1100 2050 1488 2094 administratione
1516 2049 1563 2093 in
1591 2031 1831 2094 Societatis
1858 2064 1964 2105 pro-

336 2137 523 2174 ventum
548 2139 677 2187 gesta
701 2133 825 2176 fuere
849 2134 980 2191 (815).
1007 2136 1105 2179 Nec
1127 2134 1272 2177 solum
1296 2133 1448 2177 curiae
1471 2147 1682 2176 romanae
1709 2131 1964 2188 principum

338 2214 716 2268 benevolentiam,
758 2231 845 2271 qua
874 2231 983 2273 erga
1015 2217 1288 2262 Societatem
1318 2216 1645 2268 afficiebantur,
1678 2216 1965 2259 conservavit

338 2296 412 2340 ille
434 2297 808 2352 prudentissimus
830 2300 913 2354 vir,
939 2302 1018 2345 sed
1047 2300 1182 2344 etiam
1211 2314 1494 2344 summorum
1524 2299 1787 2356 pontificum
1817 2298 1885 2342 Pii
1920 2301 1963 2343 V

337 2386 383 2422 et
404 2380 617 2435 Gregorii
640 2383 758 2434 XIII,
784 2398 809 2425 a
827 2398 915 2438 quo
934 2399 1109 2428 summa
1127 2384 1292 2428 amoris
1308 2383 1640 2441 significatione
1658 2389 1875 2439 exceptus
1892 2390 1962 2426 est

337 2463 455 2520 (659,
481 2463 597 2520 660).
626 2465 741 2508 Cum
765 2474 913 2509 autem
939 2469 1120 2524 Borgia,
1148 2483 1203 2512 ex
1227 2467 1448 2525 Hispania
1470 2469 1628 2520 redux,
1654 2466 1782 2523 gravi
1804 2467 1966 2510 morbo

338 2545 568 2589 Ferrariae
604 2547 896 2603 detineretur,
929 2557 1067 2594 totam
1106 2566 1233 2594 suam
1271 2551 1585 2595 auctoritatam
1623 2549 1774 2594 Natali
1815 2550 1969 2594 denuo

337 2628 545 2682 contulit,
578 2629 823 2685 Hispaniae
855 2634 1095 2687 provinciis
1124 2650 1215 2679 non
1244 2634 1445 2692 exceptis
1485 2635 1601 2691 (815,
1645 2634 1761 2689 816).
1799 2633 1972 2689 Borgia

337 2712 522 2755 tandem
544 2712 637 2756 vita
658 2715 835 2767 functO,
862 2724 905 2759 et
930 2718 983 2760 P.
1010 2718 1208 2761 Polanco
1231 2718 1400 2762 vicario
1423 2717 1624 2775 generali
1642 2718 1804 2768 electo,
1826 2717 1968 2760 Nata-

336 2794 407 2849 lis,
432 2794 545 2837 liber
562 2810 587 2838 a
603 2796 904 2841 sollicitudine
926 2799 1173 2855 regiminis,
1194 2801 1356 2857 partim
1375 2803 1561 2854 Rornae,
1582 2800 1744 2857 partim
1763 2799 1965 2855 Tybure,

335 2877 474 2920 vitam
498 2879 695 2934 degebat
719 2881 1020 2936 tranquillam,
1045 2890 1090 2925 et
1118 2884 1341 2943 proximis]
1365 2885 1536 2938 utilem,
1563 2884 1727 2941 quibus
1751 2882 1968 2939 prodesse

336 2975 570 3016 nunquam
592 2958 906 3018 praetermisit,
934 2979 1054 3007 nunc
1077 2966 1330 3021 scribendo,
1356 2983 1478 3012 nunc
1498 2969 1656 3012 fratres
1673 2964 1963 3021 alloquendo,
