2101 3348
784 216 825 243 12
851 208 1097 243 DECEMBms
1129 208 1218 252 1566
1703 209 1773 254 327

181 309 386 364 duquesa
413 310 440 361 ¹,
466 324 496 365 y
518 309 603 352 ella
619 309 661 352 la
678 309 752 352 die
774 311 816 352 al
839 316 973 353 sefior
996 311 1148 353 Marco
1166 310 1370 353 Antonio
1393 312 1425 354 ².
1448 312 1554 354 Han
1577 312 1744 354 dotado
1767 325 1824 354 en

183 387 211 428 6
233 385 309 428 mil
331 386 524 429 eseudos
545 401 652 443 para
681 401 888 442 comprar
920 388 1146 439 entradas,
1182 403 1211 444 y
1244 389 1322 430 mil
1354 403 1412 431 en
1443 403 1505 430 vn
1537 395 1760 445 aposento
1792 403 1821 444 y

184 464 361 519 alargar
384 463 425 506 la
447 463 568 517 vifia,
600 471 714 517 etc.;
746 464 976 520 pudiendo
1005 465 1147 520 llegar
1177 469 1202 508 a
1237 478 1347 508 Iooo
1382 477 1423 512 ‘x7
1454 466 1509 509 de
1540 467 1744 510 entrada.
1771 466 1825 508 El

185 541 333 584 Sefior
354 542 419 584 les
441 541 497 584 de
519 556 574 584 su
595 541 763 597 gracia.
788 543 956 584 Amen.
985 542 1147 595 Padre,
1173 556 1349 598 ruegue
1372 557 1453 598 por
1475 543 1602 595 ellos,
1628 558 1657 598 y
1680 544 1825 599 haga-

186 619 251 660 165
274 618 395 661 dezir
424 619 490 661 las
517 618 676 661 missas
707 619 763 662 de
791 618 1084 670 fundadores,
1115 633 1144 674 y
1177 633 1236 661 no
1269 633 1317 662 se
1351 619 1502 662 oluide
1540 620 1667 663 deste
1689 633 1826 675 peca-

185 695 286 738 dor.
319 696 377 737 D.
405 696 460 737 V.
489 696 542 737 R.
569 694 720 737 sieruo
743 709 800 737 en
823 695 925 746 X.0‚

1289 773 1324 814 F
1329 786 1580 817 RANCISCO.

267 848 512 902 Inscriptio
550 848 600 888 in
637 851 764 888 sexta
787 848 985 903 pagina:
1018 847 1046 904 †
1084 847 1144 889 Al
1173 849 1314 891 molto
1344 848 1445 892 Η.ᾶο
1480 849 1526 892 in
1555 851 1674 906 Xpo.
1709 852 1760 893 P.
1794 849 1823 892 il

183 926 236 967 P.
262 926 369 968 Μ.ΓΟ
394 923 665 968 Hieronimo
689 924 865 975 Natale,
892 923 1098 966 visitator
1121 924 1238 968 nelle
1255 925 1488 980 prouincie
1506 926 1550 969 di
1568 927 1824 982 Alemagna

180 1009 225 1046 et
248 1001 439 1055 Francia
460 1001 516 1043 de
538 1002 579 1043 la
611 1000 894 1056 Compagnia
918 1000 962 1043 di
980 1002 1107 1057 Jessi,
1134 1000 1180 1042 in
1199 1001 1452 1056 Maguntia.
1475 1003 1623 1045 Manu
1640 1005 1698 1046 P.
1722 1004 1825 1046 Na—

183 1080 273 1121 dal:
296 1079 324 1136 ἢ
350 1092 373 1133 3
396 1080 452 1121 de
475 1078 729 1122 Decembre
753 1079 825 1120 66.
852 1078 1000 1120 Manu
1029 1079 1088 1119 P.
1118 1078 1344 1134 simenez:
1374 1078 1403 1135 †
1436 1081 1493 1122 Ν.
1531 1082 1583 1122 Ρ.
1619 1082 1675 1124 de
1711 1094 1734 1134 3
1768 1082 1825 1124 de

181 1156 454 1198 Diziembre.
481 1155 709 1198 Reeebida
732 1171 757 1198 a
779 1156 846 1197 105
870 1168 893 1198 2
901 1169 941 1209 3.
970 1156 1067 1197 R.ta
1090 1154 1164 1197 alli
1188 1170 1215 1212 9
1238 1155 1294 1198 de
1318 1156 1353 1198 F
1357 1156 1532 1198 ebraro.
1568 1158 1819 1214 Vestigium

184 1234 351 1289 sigilli.
1371 1233 1375 1236 ’
1428 1226 1434 1229 ’

950 1309 1072 1349 456

622 1384 674 1424 Ρ.
713 1382 1126 1425 HIERONYMUS
1160 1382 1379 1424 NADAL

521 1457 764 1495 SANCTO
799 1457 1149 1495 FRANCISCO
1184 1459 1260 1493 DE
1294 1456 1492 1504 BORJA

672 1532 836 1569 SPIRAE,
865 1533 906 1559 12
925 1532 1165 1560 DECEMBms
1187 1523 1278 1568 1566
1296 1523 1327 1559 ³.

176 1600 209 1625 Ι.
231 1590 395 1636 Aliquot
414 1591 549 1636 capita
567 1590 793 1636 scripturae
803 1589 1070 1635 fundationis
1087 1589 1249 1636 collegii
1267 1592 1303 1624 et
1326 1589 1609 1624 universitatis
1627 1588 1827 1636 Dilingae

224 1651 597 1685 emendantur-2.
638 1648 812 1695 Collegit
836 1649 1069 1696 germanici
1097 1651 1251 1684 statuta
1280 1652 1317 1684 et
1350 1649 1535 1683 ordinem
1565 1649 1824 1683 domesticum

226 1710 417 1756 adoptari
446 1710 644 1757 Dilingae
674 1712 791 1744 curat
818 1709 994 1744 Natalis:
1021 1709 1066 1743 in
1096 1709 1361 1743 universitate
1383 1710 1519 1754 pauca
1549 1710 1825 1743 mutantur.—

231 1779 263 1813 3.
291 1770 514 1813 Sociorum,
539 1770 608 1815 qui
633 1769 762 1803 Roma
786 1769 830 1803 in
858 1768 1128 1804 Germaniam
1153 1770 1331 1803 recenter
1359 1770 1568 1809 venerant,
1595 1767 1827 1803 distributio

227 1830 391 1876 integra
414 1829 737 1872 exhibetur.-4.
766 1829 827 1863 De
852 1828 1040 1863 subsidiis
1063 1827 1244 1862 domibus
1263 1827 1516 1873 probationis
1535 1827 1825 1873 procurandis:

224 1890 270 1924 (le
290 1889 501 1936 magistris
518 1889 679 1935 collegii
696 1888 1043 1934 dilingensiS.—5.
1068 1887 1117 1921 P.
1139 1887 1277 1921 Bader
1295 1887 1350 1921 ad
1367 1887 1628 1922 licentiarum
1643 1886 1824 1933 gradum

222 1950 539 1994 promovendus:
559 1960 631 1982 cur
656 1960 702 1982 ex
725 1948 841 1982 sociis
871 1948 1001 1982 Roma
1025 1947 1158 1981 missis
1181 1946 1322 1980 nullus
1351 1946 1395 1980 in
1420 1946 1633 1981 Austriam
1652 1946 1825 1981 destina-

221 2011 284 2043 tus
307 2008 551 2055 fuerit.—6.
589 2008 649 2043 De
680 2007 841 2054 collegii
869 2006 1153 2052 herbipolensis
1177 2006 1369 2052 negotiis:
1403 2005 1493 2040 laus
1523 2005 1712 2051 episcopi:
1741 2004 1827 2050 ejus

217 2068 476 2114 principatus
500 2068 695 2102 extensio:
721 2067 881 2113 collegii
896 2065 1085 2112 fabrica:
1109 2064 1368 2111 difficultates
1392 2064 1670 2111 superandae:
1694 2064 1825 2099 condi-

217 2128 343 2162 tiones
354 2127 619 2173 fundationis
637 2138 727 2161 cum
746 2125 989 2161 cancellario
1007 2125 1179 2170 episcopi
1197 2124 1418 2159 discussae:
1443 2122 1602 2158 Canisii
1620 2124 1823 2158 conciones

218 2187 288 2221 sub
306 2187 468 2222 Natalis
485 2189 522 2222 et
546 2186 782 2222 cancellarii
808 2186 1036 2220 discessum:
1055 2184 1247 2230 formula
1257 2182 1524 2230 fundationis
1541 2183 1721 2229 episcopo
1734 2183 1823 2229 pla-

220 2249 291 2281 cet:
310 2257 387 2292 quo
399 2249 517 2293 pacto
534 2246 742 2293 negotium
760 2245 814 2280 ad
824 2244 990 2291 felicem
1009 2244 1161 2279 exitum
1174 2243 1347 2289 perduci
1363 2245 1496 2289 queat,
1515 2241 1680 2277 Canisio
1698 2242 1822 2288 expli-

223 2309 358 2341 catum
365 2305 470 2351 fuit,
482 2306 635 2352 ipsique
650 2316 712 2340 res
726 2305 1072 2348 demandata.—7.
1089 2301 1447 2349 Aschaffemburgi
1461 2302 1624 2337 Natalis
1638 2302 1685 2337 de
1700 2302 1822 2336 Petro

224 2366 440 2401 coloniensi
456 2365 727 2412 scripsit.—‹S'.
754 2365 815 2400 De
832 2364 1006 2411 spirensi
1029 2362 1196 2408 collegio
1225 2362 1327 2397 nihil
1350 2362 1602 2408 negotiatum
1617 2361 1819 2396 hactenus,

225 2435 316 2470 -9,
340 2425 400 2460 De
419 2425 563 2460 ritibus
579 2425 706 2459 sacris
724 2425 767 2459 in
785 2424 952 2471 collegio
973 2422 1168 2468 Dilingae
1186 2425 1223 2457 et
1240 2423 1287 2457 de
1308 2421 1558 2457 orationibus
1575 2423 1612 2456 et
1624 2422 1819 2467 poemati-

226 2485 295 2519 bus
311 2484 642 2532 extemporaneis.

273 2564 309 2593 Ι.
370 2552 501 2608 Jhus.
544 2550 684 2593 Molto
722 2549 836 2592 Rdo.
871 2549 1017 2592 Padre
1054 2555 1208 2592 nostro
1237 2547 1284 2590 in
1321 2546 1520 2590 Christo.
1549 2548 1644 2589 Pax
1683 2544 1817 2588 Chri—

175 2628 249 2680 sti,
275 2634 360 2672 ete.
385 2630 473 2671 Tre
495 2627 735 2671 settimane
757 2641 869 2669 sono
890 2628 975 2669 che
993 2625 1120 2669 scrisi
1143 2626 1229 2669 alla
1253 2627 1305 2668 P.
1332 2625 1389 2667 V.
1416 2624 1474 2666 da
1495 2622 1682 2679 Dilinga
1712 2624 1744 2675 ⁴,
1770 2629 1816 2665 et

247 2792 256 2810 ¹
308 2790 457 2835 joanna
473 2788 522 2824 de
542 2789 717 2834 Aragon.
743 2787 843 2823 Vide
863 2788 1131 2833 SAccmNUM,
1149 2787 1227 2822 loc.
1251 2785 1335 2830 cit.,
1356 2785 1424 2820 lib.
1446 2785 1497 2829 II,
1516 2796 1588 2820 nn.
1615 2783 1672 2828 16,
1697 2791 1756 2827 17.

243 2850 257 2869 '²
309 2848 497 2884 Colonna.

245 2908 259 2927 ⁵
309 2908 367 2942 Ex
396 2908 621 2954 archetypo,
647 2919 668 2942 a
694 2908 871 2953 Jimenez
901 2911 1074 2950 exarato,
1106 2911 1145 2941 et
1176 2905 1326 2940 Natalis
1357 2915 1473 2939 manu
1505 2903 1737 2948 subscripto,
1772 2899 1810 2934 in

177 2966 308 3013 Epist.
335 2966 490 3010 Natat„
505 2967 556 3012 ΙΙ,
575 2966 818 3013 quadruplici
835 2966 920 3012 fol„
941 2966 1007 3011 165
1025 2964 1126 3010 (253,
1145 2972 1228 3010 254,
1249 2971 1331 3008 255,
1352 2963 1456 3008 256).

248 3027 263 3047 ⁴
312 3024 413 3060 Vide
432 3025 547 3071 epist.
567 3033 633 3070 451
655 3031 695 3061 et
713 3034 800 3069 452.
