2101 3348
385 211 452 247 232
895 208 1032 243 E91s‘r.
1061 206 1104 241 P.
1134 205 1403 250 NADAL-43o

336 309 627 367 experientia,
653 323 705 352 ac
727 309 772 351 in
796 309 932 351 rebus
955 306 1145 363 agendis
1167 306 1407 362 prudentia
1428 305 1610 349 omnino
1632 305 1901 349 confidimus
1919 306 1965 350 in

336 387 549 437 Domino,
576 384 655 427 tibi
673 384 942 427 auctoritate
964 384 1205 426 admodum
1229 383 1330 426 Rdi.
1362 383 1409 425 in
1439 382 1621 426 Christo
1645 382 1792 426 Patris
1820 384 1963 426 Fran·

336 463 442 507 cisci
460 478 485 505 a
508 461 689 517 Borgia,
716 460 955 505 Societatis
979 460 1234 516 praedictae
1251 460 1476 516 generalis
1493 459 1748 516 praepositi,
1771 460 1963 503 faculta-

337 548 426 583 tem
442 538 731 582 concedimus
749 545 794 582 et
811 537 1073 594 elargimur,
1095 544 1145 579 ut
1163 552 1474 592 quoscumque
1490 544 1749 580 contractus
1770 536 1963 593 emptio-

335 631 458 667 num,
484 614 814 667 uenditionum,
841 621 886 658 et
907 614 1180 667 cessionum,
1206 628 1593 670 quarumcumque
1615 629 1764 657 rerum
1788 621 1961 670 tempo—

336 693 509 744 ralium,
537 691 769 734 mobilium
795 692 864 734 uel
893 690 1209 743 immobilium,
1237 705 1547 747 quascumque
1574 690 1709 733 etiam
1738 690 1963 735 uenditio-

335 784 414 814 nes
439 769 511 812 uel
534 768 785 824 emptiones
808 782 1201 824 quorumcumque
1233 783 1452 824 censuum
1487 783 1622 824 super
1649 769 1768 811 bona
1790 768 1966 811 stabilia

335 845 628 901 collegiorum
653 852 758 888 tuae
776 845 1052 900 prouinciae,
1075 846 1289 897 breuiter,
1312 852 1361 888 ut
1380 859 1690 901 quoscumque
1707 851 1966 888 contractus

335 923 445 966 inire
463 928 507 965 et
525 923 752 965 celebrare
769 921 929 977 possis,
949 922 996 964 in
1012 922 1082 965 his
1101 923 1336 965 dumtaxat
1352 923 1503 974 rebus,
1519 937 1708 978 quarum
1726 922 1810 966 erit
1826 921 1966 965 libera

335 998 663 1042 administratio
686 998 949 1051 Societatis,
976 1006 1021 1042 et
1043 1014 1123 1055 per
1151 1000 1369 1043 rationem
1402 999 1644 1042 dotationis
1671 999 1966 1056 collegiorum

334 1077 462 1120 nobis
504 1076 692 1128 liceant;
734 1075 885 1118 omnia
924 1091 1031 1119 uero
1069 1084 1120 1119 ut
1156 1077 1293 1120 facias
1331 1077 1374 1120 in
1412 1076 1670 1120 euidentem
1707 1076 1962 1128 utilitatem,

335 1168 469 1209 quam
499 1160 547 1195 tu
577 1153 796 1196 iudicabis
824 1153 880 1196 de
912 1153 1098 1196 consilio
1131 1161 1312 1196 tuorum
1343 1153 1713 1196 consiliariorum.
1741 1154 1966 1197 Concedi-

335 1245 434 1273 mus
456 1237 701 1286 praeterea,
730 1236 780 1272 ut
802 1244 1113 1286 quoscumque
1134 1231 1406 1274 iudicaueris
1428 1231 1613 1274 idoneos
1636 1247 1661 1274 e
1681 1230 1864 1282 nostris,
1886 1230 1965 1272 tibi

336 1307 381 1349 in
404 1308 559 1351 eadem
586 1308 822 1360 facultate,
848 1308 922 1350 uel
951 1307 1049 1350 eius
1075 1315 1202 1363 parte
1230 1309 1506 1351 substituere
1534 1307 1693 1364 possis.
1721 1308 1966 1364 Speramus

336 1384 382 1426 in
404 1384 585 1427 Christo
603 1386 713 1441 Jesu
738 1386 958 1437 futurum,
980 1391 1031 1427 ut
1050 1393 1097 1427 tu
1115 1385 1176 1427 ita
1199 1387 1444 1441 prudenter
1460 1387 1545 1428 hac
1567 1391 1791 1441 potestate
1808 1384 1964 1437 utaris,

335 1461 396 1503 ita
420 1461 659 1516 sapienter,
686 1468 736 1503 ut
758 1461 870 1503 nihil
899 1477 924 1505 a
958 1469 1001 1505 te
1024 1462 1270 1506 desiderari
1298 1462 1460 1518 possit,
1486 1463 1606 1517 quod
1629 1463 1685 1505 ad
1714 1461 1968 1518 religiosam

336 1538 712 1594 gubernationem
736 1553 885 1581 rerum
909 1539 1222 1595 temporalium
1241 1547 1344 1583 tuae
1366 1539 1626 1595 prouinciae
1649 1539 1798 1590 faciat,
1819 1538 1970 1581 omnia

335 1629 445 1657 uero
474 1616 624 1658 futura
655 1615 744 1657 sint
774 1616 830 1658 ad
858 1615 1072 1660 maiorem
1099 1617 1287 1672 gloriam
1316 1617 1403 1661 Dei
1431 1615 1767 1672 omnipotentis.
1798 1617 1966 1658 Datum

340 1693 530 1748 Pragae,
557 1692 629 1735 die
654 1693 677 1734 8
701 1692 869 1736 mensis
891 1693 1181 1749 Septembris.
1209 1695 1346 1737 Anno
1374 1694 1499 1748 1566.

1066 1776 1096 1833 †
1129 1777 1464 1893 HIERONYMU-sl-
1490 1778 1723 1821 NATALIS.
1759 1775 1788 1833 ἦ-

424 1922 586 1964 Exstat
602 1923 809 1979 sigillum
827 1923 1072 1966 Societatis.
1095 1925 1338 1980 Inscriptio
1357 1941 1383 1966 a
1402 1929 1553 1981 tergo:
1573 1926 1789 1968 Patentes
1810 1923 1967 1967 literae

337 1998 392 2040 ad
414 1998 634 2041 ineundos
656 2007 930 2043 contractus.
959 2001 1132 2043 Eadem
1155 2002 1394 2057 inscriptio
1418 2002 1583 2062 ibidem
1604 2003 1817 2057 iteratur.

1090 2114 1211 2153 2130

810 2195 850 2230 s,
880 2196 1209 2233 FRANCISCUS
1238 2199 1307 2233 DE
1333 2197 1502 2244 BORJA

684 2261 882 2303 PATRI
917 2262 1346 2306 HIERONYMO
1381 2264 1622 2306 NADAL

827 2345 982 2379 ROMAE,
1007 2347 1048 2373 12
1067 2348 1324 2376 SEPTEMBms
1347 2339 1436 2384 1566
1454 2341 1479 2375 ¹.

339 2397 548 2445 Pontificis
568 2401 760 2435 mandato
780 2401 899 2436 illum
928 2403 1116 2438 hortatur
1146 2405 1199 2439 ad
1229 2405 1529 2451 impediendum
1557 2404 1706 2451 foedus
1727 2406 1967 2439 sectatorum

528 2457 691 2494 Calvini
709 2471 798 2495 cum
818 2461 1042 2497 lutheranis
1061 2467 1315 2510 augustanae
1333 2463 1592 2510 confessionis
1609 2463 1778 2500 asseclis.

430 2536 524 2577 Pax
542 2536 584 2578 X
598 2535 620 2584 ,ί
637 2538 777 2579 Molto
796 2538 909 2581 Rdo.
929 2538 975 2581 in
990 2541 1074 2582 X.⁰
1092 2542 1253 2583 Padre.
1276 2542 1310 2583 Il
1327 2541 1526 2584 cardinal
1541 2541 1772 2584 Granuela
1787 2541 1801 2561 ²
1820 2540 1968 2584 hebbe

339 2610 465 2653 auiso
488 2626 613 2654 come
637 2612 667 2654 il
689 2621 821 2658 conte
844 2615 1041 2670 palatino
1065 2618 1078 2637 ⁵
1104 2631 1189 2660 con
1208 2619 1418 2661 Theodor
1434 2632 1460 2661 ο
1479 2620 1615 2670 Beza,
1635 2632 1747 2674 capo
1765 2617 1809 2660 di
1827 2616 1970 2661 calui-

339 2686 460 2740 nisti,
488 2689 707 2732 faceuano
729 2698 853 2734 certo
876 2692 1174 2736 conciliabulo
1197 2694 1242 2737 in
1268 2709 1356 2737 una
1374 2702 1492 2738 terra
1510 2696 1581 2738 del
1599 2696 1724 2738 detto
1741 2701 1875 2738 conte
1891 2708 1970 2750 per

413 2828 425 2849 ¹
473 2830 530 2864 Ex
549 2830 734 2876 Regesto,
758 2830 856 2866 Cod.
883 2833 1001 2879 33f),
1028 2833 1099 2869 fol.
1128 2835 1205 2869 180.
1227 2836 1271 2870 In
1296 2835 1484 2882 margine:
1508 2837 1555 2872 P·
1580 2836 1746 2871 Natale.
1771 2836 1823 2871 P.
1853 2834 1972 2870 Cani-

336 2887 410 2922 sio.
438 2888 486 2923 P.
507 2889 681 2924 Antonio
710 2890 848 2926 Vinck.
881 2892 955 2926 Tre
974 2893 1081 2938 copie
1099 2905 1136 2927 se
1156 2906 1202 2928 ne
1218 2894 1374 2940 fecero.

409 2949 423 2968 ²
476 2947 669 2983 Antonius
690 2949 876 2985 Perrenot
894 2949 943 2985 de
971 2951 1196 2987 Granvelle.

409 3006 423 3027 ³
474 3006 692 3043 Fridericus
711 3008 780 3043 ΙΙΙ.
801 3008 900 3044 Vide
919 3009 1034 3056 epist.
1062 3009 1144 3053 380,
1165 3023 1206 3046 n.
1235 3020 1266 3056 13
1287 3019 1326 3048 et
1341 3012 1427 3060 399.
