2101 3348
831 190 875 227 27
905 181 1073 217 APRILIS
1103 179 1192 226 1566
1730 182 1774 227 85

185 279 443 324 santissima
464 282 664 326 volonta.
691 283 857 328 Amen.
884 284 955 326 Da
977 284 1208 339 Augusta,
1234 281 1308 325 alli
1339 293 1393 336 27
1422 283 1466 325 d'
1497 282 1654 339 Aprile
1691 284 1816 338 1566.

160 376 163 378 ·
186 358 246 400 D.
272 359 328 401 V.
357 360 408 401 P.
435 373 569 402 Seruo
591 375 649 403 en
671 361 773 412 X.⁰,

1258 443 1287 500 †
1320 444 1510 526 ΝΑιῗῑ-Αι.
1552 442 1582 501 1-

279 589 378 631 Con
401 596 560 644 questa
582 592 681 633 sara
705 576 782 636 un’
808 591 921 633 altra
943 591 999 633 de
1027 604 1131 634 cose
1160 590 1449 634 concernenti
1473 592 1558 634 alla
1580 590 1814 647 religione,

186 666 272 708 che
293 666 322 707 l’
347 666 487 709 Illmo.
508 667 662 723 legato
685 667 725 709 ci
747 669 804 709 ha
827 666 1113 710 comunicato
1135 674 1220 711 etc.

267 744 396 800 Jhus.
433 745 497 786 La
514 744 674 787 lettera
690 745 775 787 che
792 744 893 787 dico
910 744 956 787 in
975 751 1133 799 questa
1155 746 1240 787 che
1263 744 1301 787 si
1319 745 1621 789 mandarebbe
1638 747 1694 788 de
1711 760 1816 789 cose

180 820 298 864 della
320 819 554 876 religione,
581 835 670 864 non
695 821 732 864 si
755 821 919 864 manda
947 820 1095 863 insino
1124 822 1208 864 alla
1237 821 1477 864 settimana
1505 823 1589 866 che
1619 822 1749 866 viene
1776 830 1811 866 a·

270 897 514 952 Inscriptio
532 899 581 939 in
604 902 770 953 quarta
788 899 986 955 pagina:
1003 900 1138 955 jhus.
1173 899 1232 941 Al
1254 899 1392 940 molto
1416 899 1533 941 Rdo.
1560 898 1605 940 in
1634 900 1816 944 Christo

182 975 327 1017 Padre
349 982 506 1017 nostro
529 975 560 1017 il
584 977 636 1018 Ρ.
663 977 698 1018 F
702 990 919 1020 rancesco
938 977 995 1019 de
1019 975 1202 1032 Borgia,
1224 975 1451 1031 preposito
1469 977 1680 1031 generale
1700 978 1815 1020 della

179 1051 465 1107 Compagnia
498 1053 554 1097 de
575 1054 687 1110 Jesu
714 1060 803 1096 etc.
834 1053 863 1110 †
896 1055 1054 1096 Roma.
1088 1053 1194 1095 Alia
1225 1067 1384 1094 maizu:
1420 1053 1544 1106 1566.
1579 1053 1811 1108 Augusta.

182 1129 233 1171 Ρ.
261 1129 436 1173 Natale.
465 1141 519 1183 27
543 1129 588 1171 di
612 1129 784 1186 Aprile.
811 1130 867 1174 C.
902 1130 1152 1186 Vestigium
1176 1130 1338 1186 sigilli.

939 1241 1062 1281 383

652 1325 692 1360 S.
722 1325 1052 1362 FRANCISCUS
1081 1326 1150 1360 DE
1177 1323 1346 1370 BORJA

505 1404 715 1446 PATRI
758 1403 1192 1447 HIERONYMO
1236 1403 1483 1445 NADAL

710 1488 871 1526 ROMAE,
892 1488 936 1524 27
956 1488 1117 1515 APRILIS
1141 1479 1231 1523 1566
1250 1482 1273 1514 ¹.

176 1553 213 1579 Ι.
244 1545 494 1580 Valetudinis
512 1557 653 1580 curam
673 1546 814 1581 habere
838 1549 1025 1580 monetur
1046 1545 1222 1580 Natalis:
1248 1546 1292 1580 in
1318 1545 1532 1580 Poloniam
1552 1557 1600 1581 ne
1623 1557 1661 1581 se
1685 1545 1815 1592 confe-

222 1607 402 1639 rat.—2.
427 1605 486 1640 De
505 1604 704 1652 Gregorio
723 1604 892 1652 Roseffio
913 1605 1077 1652 Spiram
1096 1605 1290 1639 mittendo
1308 1605 1538 1650 exquiritur
1556 1604 1718 1640 Natalis
1732 1617 1814 1640 sen-

223 1664 365 1698 tentia.
378 1673 457 1709 —3.
475 1665 539 1699 An
552 1665 766 1712 collegium
787 1664 986 1700 Olomutii
999 1665 1295 1699 admittendum
1312 1664 1604 1707 videatur.—4.
1623 1664 1682 1699 De
1700 1664 1814 1700 Chri-

224 1724 406 1770 stoplzoro
424 1725 470 1759 de
488 1725 692 1771 Bengala:
711 1726 755 1760 in
773 1725 917 1760 bellum
934 1725 1130 1759 turcicum
1147 1724 1308 1758 Natalis
1326 1735 1403 1757 ozon
1424 1735 1461 1758 se
1480 1723 1678 1770 conferat:
1702 1728 1814 1770 expe-

224 1783 323 1818 ditio
338 1783 668 1827 meliterzsis.-5.
694 1784 787 1819 Post
800 1785 995 1831 scriptum
1011 1785 1057 1819 de
1074 1785 1189 1818 domo
1203 1783 1454 1830 probationis
1467 1794 1651 1825 romana,
1673 1784 1719 1818 de
1738 1784 1813 1818 col·

223 1843 342 1889 legio,
361 1844 408 1878 de
432 1843 578 1890 templo
602 1844 852 1879 Farnesiano
873 1844 1061 1879 Societati
1078 1844 1291 1890 erigendo:
1315 1843 1362 1877 de
1385 1843 1500 1877 sociis
1517 1843 1571 1877 ad
1589 1843 1704 1877 indos
1721 1844 1812 1877 mit-

222 1902 462 1938 tendis.-6.
488 1902 539 1938 Ut
562 1903 790 1938 valetudini
808 1904 1002 1950 propriae
1026 1903 1221 1943 consulat,
1241 1901 1429 1936 Natalem
1454 1902 1711 1946 adhortatur,
1730 1905 1803 1937 etc.

267 1992 303 2022 1.
363 1981 494 2037 Jhus.
537 1981 647 2035 Muy
685 1981 801 2024 Rdo.
843 1995 900 2024 en
938 1983 1057 2036 Xpo.
1100 1980 1262 2023 Padre.
1308 1981 1403 2022 Pax
1440 1978 1546 2034 Xpi.
1589 1985 1677 2021 etc.
1721 1980 1808 2022 Las

172 2058 228 2100 (16
250 2059 306 2100 V.
335 2059 388 2100 R.
414 2058 471 2101 de
494 2059 520 2100 6
542 2073 571 2113 y
601 2071 649 2112 13
669 2059 682 2079 “²
707 2059 780 2102 (161
802 2065 1013 2113 presente
1036 2060 1185 2101 receui
1209 2072 1265 2099 en
1290 2071 1351 2098 un
1370 2070 1542 2098 mesmo
1565 2056 1651 2107 dia,
1675 2071 1703 2111 y
1727 2058 1807 2099 116-

172 2148 328 2177 monos
351 2135 593 2190 06115613(16
618 2137 666 2177 in
688 2137 888 2178 Domino
910 2136 966 2177 de
988 2136 1027 2177 la
1052 2136 1202 2177 buena
1225 2132 1554 2177 demostracion
1573 2147 1662 2187 que
1685 2147 1740 2188 ay
1759 2147 1808 2176 se

172 2213 230 2254 ha
252 2213 367 2254 dado
390 2213 446 2255 de
468 2213 509 2255 13
531 2213 722 2269 religion
745 2213 981 2266 catholica,
1009 2216 1072 2255 asi
1096 2228 1152 2255 en
1175 2213 1217 2255 61
1240 2210 1566 2267 recogimiento
1596 2210 1653 2252 de
1682 2224 1807 2254 65565

171 2295 371 2342 56116165,
393 2294 418 2332 a
436 2291 476 2332 13
494 2305 676 2333 semana
697 2298 842 2343 santa,
863 2305 992 2333 como
1010 2305 1067 2333 en
1089 2291 1131 2332 13
1156 2288 1408 2344 frequentia
1425 2292 1450 2330 a
1467 2288 1532 2330 135
1555 2287 1807 2330 confessio-

242 2449 262 2470 a
293 2443 401 2478 Haec
420 2444 554 2479 ultima
572 2445 706 2488 verba,
726 2446 774 2480 ab
793 2444 1014 2490 illiszslms,
1039 2444 1095 2478 La
1114 2444 1270 2486 lettera,
1286 2442 1325 2477 in
1344 2440 1528 2476 schedula
1545 2440 1804 2486 reperiuntur,

169 2513 268 2547 quae
287 2502 334 2537 ad
352 2504 498 2538 calcem
517 2504 655 2539 tertiae
672 2505 850 2551 pagellae
868 2504 1112 2550 agglutinata
1131 2508 1209 2537 est.

242 2640 250 2659 ¹
301 2639 359 2673 Ex
384 2640 610 2686 archetypo,
636 2651 776 2686 magna
794 2646 903 2687 parte
923 2640 1179 2686 autographo,
1200 2638 1240 2674 in
1261 2637 1356 2673 Cod.
1379 2647 1440 2683 34,
1462 2635 1607 2682 duplici
1626 2635 1716 2678 fol.‚
1739 2643 1804 2679 174

166 2698 242 2743 (51,
266 2705 344 2741 52).
368 2698 540 2734 Priorem
566 2705 715 2746 partem
741 2700 896 2747 scripsit
922 2699 1102 2735 librarius
1129 2697 1376 2733 Fernandez:
1411 2698 1593 2740 alteram,
1618 2694 1666 2729 ad
1687 2693 1803 2728 finem

164 2767 303 2803 usque,
318 2758 476 2804 Borgia.
498 2760 610 2805 Quae
624 2760 779 2806 scripsit
794 2759 1036 2804 Fernandez,
1049 2758 1297 2805 reperiuntur
1312 2757 1429 2792 etiam
1448 2756 1486 2791 in
1501 2756 1688 2800 Regest0‚
1708 2752 1802 2787 Cod.

166 2816 278 2863 33f),
298 2817 345 2852 ad
363 2817 466 2853 diem
486 2828 530 2864 27
551 2819 710 2866 Aprilis.
732 2819 913 2865 Caetera,
934 2824 1084 2854 tantum
1104 2818 1144 2852 in
1162 2818 1375 2862 archetypo
1394 2816 1601 2850 habentur.

237 2878 250 2896 ‘²
301 2876 401 2912 Vide
420 2877 536 2924 epist.
556 2877 728 2924 371-376.
749 2878 971 2914 Notandum
1003 2883 1133 2913 autem
1153 2882 1213 2912 est
1244 2881 1351 2911 recte
1385 2874 1634 2909 emendatum
1666 2883 1687 2905 a
1712 2871 1803 2904 Bor-

166 2932 231 2978 gia
248 2934 351 2970 diem
369 2945 417 2980 19
436 2937 594 2983 Aprilis
612 2949 634 2972 3
651 2937 830 2984 Jimenez
847 2938 1034 2985 scripturn
1054 2947 1121 2983 pro
1139 2945 1182 2978 13
1201 2935 1372 2982 Aprilis,
1393 2933 1494 2968 Vide
1507 2932 1610 2967 dicta
1624 2931 1663 2965 in
1679 2929 1798 2976 epist.

168 2990 254 3039 375,
273 2999 404 3029 annot.
425 3004 459 3030 2.
