2101 3348
779 226 1001 261 APPENDIX
1587 223 1627 258 81
1638 232 1651 258 1

827 382 953 424 LXX

612 471 658 503 Β.
685 469 888 505 PETRUS
914 469 1160 505 CANISIUS

437 560 649 590 SANCTO
698 561 1006 591 FRANCISCO
1055 562 1123 590 DE
1168 561 1342 600 BORJA

522 637 781 691 Augustae,
814 637 864 679 16
887 635 1057 692 Aprilis
1085 637 1195 693 1569
1224 638 1250 678 ¹.

294 726 376 760 Per
394 725 447 759 P.
471 724 657 760 Natalem
673 726 880 771 praesenti
897 725 1120 760 necessitati
1137 725 1290 760 consuli
1307 727 1478 770 exoptat.

236 802 460 845 Dominus
482 802 528 844 in
550 816 675 844 suam
701 802 891 857 gloriam
915 809 1063 846 uertat
1084 802 1252 855 omnia,
1289 809 1333 845 et
1362 801 1589 857 praesenti
1617 815 1703 843 no—

67 869 188 906 strae
210 863 419 905 consulat
441 861 700 905 necessitati
725 876 804 916 per
826 863 881 905 T.
907 863 960 904 P.
987 875 1039 904 ac
1062 863 1293 905 doctorem
1312 862 1539 915 Natalem,
1561 867 1609 903 ut
1626 859 1703 915 qui

68 936 140 965 res
162 921 426 977 prouinciae
447 927 628 964 nostrae
651 920 735 962 sibi
758 920 951 963 maxime
973 929 1230 976 perspectas
1253 928 1431 965 tenet...

811 1034 957 1075 LXXI

611 1122 940 1158 STANISLAUS
968 1122 1162 1159 HOSIUS

473 1215 638 1244 PATRI
688 1214 892 1253 JOANNI
942 1215 1010 1243 DE
1059 1214 1311 1243 POLANCO

537 1290 852 1345 Heilsbergae,
880 1302 895 1332 1
910 1302 925 1332 Ι
942 1289 1068 1346 Junii
1090 1290 1200 1346 1569
1219 1290 1250 1331 ⁹².

317 1379 378 1413 De
402 1379 449 1413 P.
470 1379 647 1413 Henrico
666 1378 858 1424 Dionysio
876 1378 951 1412 sibi
969 1379 1162 1425 denegato
1180 1378 1452 1422 conqueritur.

161 1458 275 1501 Rde.
301 1457 451 1512 Pater,
477 1457 614 1499 frater
636 1456 681 1498 in
707 1455 892 1498 Christo
915 1455 1176 1499 charissime
1198 1462 1242 1499 et
1264 1454 1541 1497 honorande.
1565 1452 1699 1508 Qvod

71 1518 126 1561 P.
152 1518 229 1569 V.,
260 1516 403 1559 serius
435 1516 555 1567 licet,
588 1515 700 1559 meis
734 1522 883 1558 tamen
921 1514 1082 1558 litteris
1119 1514 1402 1570 responderit
1439 1513 1696 1567 aliquando,

65 1583 197 1619 tanto
221 1575 370 1618 minus
392 1575 438 1617 id
460 1576 649 1618 moleste
672 1576 781 1626 fero,
809 1581 978 1629 quanto
1000 1574 1145 1629 magis
1173 1573 1405 1629 egregiam
1435 1573 1480 1614 in
1514 1587 1585 1615 me
1616 1586 1700 1613 vo—

65 1637 291 1678 luntatem
315 1637 368 1678 P.
395 1636 452 1678 V.
486 1641 769 1690 perspectam
799 1641 844 1676 et
874 1635 1149 1690 exploratam
1181 1634 1341 1676 habeO.
1379 1634 1448 1674 De
1482 1632 1533 1675 P.
1570 1632 1700 1674 Hen-

67 1695 197 1737 rico⁰
208 1694 351 1749 ,quid
375 1694 554 1737 faciam?
579 1695 639 1736 Vt
662 1707 918 1748 possumus,
944 1693 1088 1745 aiunt,
1114 1693 1294 1748 quando
1315 1699 1363 1733 vt
1381 1692 1593 1733 volumus
1608 1704 1700 1732 non

65 1754 188 1798 licet.
220 1755 357 1809 Ouod
387 1754 443 1796 ad
473 1753 674 1795 medicos
706 1753 829 1808 prius
860 1753 1144 1796 referendum
1182 1767 1281 1795 esse
1318 1756 1609 1800 censuerunt,
1642 1763 1700 1791 an

69 1814 167 1857 sine
197 1813 398 1869 periculo
426 1819 576 1868 posset
610 1813 665 1854 ad
693 1827 775 1854 nos
807 1811 983 1863 venire,
1020 1812 1106 1854 tale
1138 1811 1266 1865 quid,
1303 1826 1360 1852 an
1398 1811 1454 1852 ab
1488 1807 1704 1864 apostolis

0 1927 6 1931 -
68 1879 292 1916 tentatum
315 1872 465 1923 fuerit,
491 1871 660 1922 nescio,
689 1872 759 1914 vel
784 1873 839 1913 ab
862 1870 950 1924 his,
976 1871 1053 1925 qui
1075 1870 1314 1912 mittvntur
1337 1869 1381 1911 in
1400 1869 1535 1911 alium
1555 1882 1701 1922 quen—

0 1930 14 1947 *
67 1932 170 1974 dam
193 1933 364 1975 orbem
392 1933 490 1987 Ego
519 1946 591 1974 me
622 1945 756 1985 quam
785 1930 1049 1985 longissime
1077 1929 1352 1972 disiunctvm
1385 1929 1441 1971 ab
1474 1927 1701 1983 apostolo-

67 2006 168 2034 rum
207 1968 459 2047 dignitate&
468 1991 697 2055 profiteor,
735 2004 926 2044 quorum
959 1990 1093 2032 etiam
1131 1988 1370 2044 corrigiam
1407 1985 1702 2029 calceamenti

66 2051 244 2094 soluere
255 2028 443 2106 odignus
472 2064 563 2091 non
595 2050 639 2090 tx
644 2063 801 2102 1ssem
829 2050 923 2100 sed,
952 2049 1070 2103 qvod
1093 2048 1205 2091 citra
1242 2046 1499 2089 iactantiam
1534 2045 1703 2087 dictvm

65 2125 166 2153 esse
187 2086 350 2162 νε111111ἶ,3
365 2123 469 2151 cum
493 2109 632 2152 ternis
656 2108 783 2150 Pavli
802 2123 858 2163 qv
864 2108 947 2150 arti
967 2108 1129 2150 litteris
1146 2114 1336 2149 Vocatus
1352 2107 1398 2147 in
1415 2107 1573 2148 vrbem
1592 2104 1703 2146 fvis—

65 2183 177 2220 sem,
204 2171 260 2211 ad
282 2168 480 2211 medicos
503 2183 593 2210 non
617 2167 765 2218 retuli,
791 2169 871 2210 sed
897 2167 943 2210 in
966 2167 1074 2223 ipsis
1097 2166 1201 2224 Jvlij
1237 2173 1282 2210 et
1311 2164 1511 2221 Avgusti
1540 2163 1704 2206 calori-

66 2228 169 2280 bus,
196 2228 368 2271 Christi
392 2227 530 2269 solius
553 2242 637 2282 ope
661 2228 817 2278 fretus,
851 2227 935 2269 iter
965 2241 1116 2270 meum
1148 2232 1469 2291 prosequutus,
1505 2222 1706 2267 calendis

69 2287 354 2343 Septembris
378 2289 566 2329 Romam
589 2286 709 2338 veni,
736 2287 976 2342 languens,
1004 2287 1165 2337 fateor,
1200 2286 1280 2329 sed
1307 2284 1536 2340 castigans
1568 2282 1704 2325 casti-

71 2346 203 2400 gauit
225 2361 307 2389 nos
330 2346 570 2397 Dominus,
598 2345 731 2387 morti
749 2353 898 2388 autem
918 2360 1009 2387 non
1029 2344 1209 2387 tradidit
1227 2359 1326 2388 nos.
1349 2341 1704 2399 Quatuordecim

71 2405 208 2448 simul
231 2405 632 2449 decumbebamus.
659 2406 761 2448 Non
783 2405 918 2447 modo
940 2419 1031 2447 non
1059 2404 1339 2447 desideratus
1368 2409 1436 2446 est
1465 2401 1705 2456 quisquam

57 2478 128 2507 -ex
146 2465 275 2519 meis,
296 2466 376 2508 sed
394 2464 608 2521 pristinae
627 2465 772 2506 bonae
790 2464 1036 2507 valetvdini
1054 2463 1249 2507 restituti
1267 2469 1372 2506 svnt
1389 2476 1560 2504 omnes.
1580 2459 1702 2515 Ouin

69 2530 116 2566 et
138 2524 259 2567 hoc
248 2539 346 2580 1pso
367 2531 573 2568 vertente
596 2539 731 2575 anno,
758 2538 861 2566 cum
884 2538 1038 2566 rumor
1061 2522 1241 2578 quidam
1265 2536 1447 2578 sparsus
1470 2521 1627 2563 fvisset
1648 2519 1706 2561 de

67 2597 188 2626 noua
217 2584 412 2649 quadam
442 2583 625 2626 fidicula
653 2583 699 2624 in
730 2582 1058 2626 lvblinensibus
1091 2581 1284 2636 comitijs
1322 2580 1576 2631 condenda,
1618 2579 1702 2620 bo-

66 2643 187 2685 reale
212 2642 390 2698 frigus
381 2657 545 2699 mgens
568 2656 660 2684 non
684 2657 756 2686 me
774 2641 1041 2694 retardaust,
1063 2641 1308 2698 quominus
1326 2642 1382 2682 ad
1400 2638 1582 2682 comitia
1598 2652 1704 2692 pro—

65 2701 308 2755 ficiscerer;
335 2708 381 2744 et
403 2709 526 2744 certe
548 2702 822 2758 languebam
853 2716 943 2757 quo
977 2708 1179 2757 tempore
1208 2700 1317 2742 mihi
1352 2699 1435 2741 fuit
1467 2698 1703 2741 disceden-

0 2807 24 2817 5

23 2829 55 2840 Ὃ»

8 2855 25 2862 ω
133 2833 142 2851 ¹
194 2832 253 2866 Ex
271 2833 525 2879 autograp110‚
545 2832 584 2867 in
604 2833 733 2879 Epist.
758 2832 931 2878 Canisii,
951 2833 1002 2878 II,
1023 2831 1091 2876 235
1112 2832 1201 2878 (81).

129 2892 144 2912 ‘³
195 2891 253 2925 Ex
276 2892 503 2937 archetypo,
522 2892 562 2927 in
584 2892 682 2928 Cod.
710 2893 768 2937 38,
797 2892 942 2938 duplici
966 2891 1049 2935 fol„
1074 2904 1116 2926 n.
1148 2898 1230 2935 205,
1258 2891 1359 2935 (201,
1387 2889 1449 2924 vel
1477 2891 1572 2931 204).
1602 2885 1702 2921 Vide

61 2949 228 2995 append.
248 2950 387 2994 XLVI,
409 2950 497 2985 LVI
519 2952 599 2994 (bis,
621 2952 708 2986 LIX
732 2952 810 2995 <bis;
832 2951 973 2992 LXIII,
994 2956 1034 2986 et
1053 2950 1191 2984 LXIX.

135 3008 150 3028 ³
200 3009 434 3055 Dionysius.
