2101 3348
269 238 337 293 556
782 249 921 284 prsr.
949 248 993 283 P.
1024 247 1222 285 NADAL—
1227 259 1297 295 507

216 350 314 391 loro
337 349 366 390 il
391 351 442 391 Ρ.
470 348 659 401 Xauier,
683 355 890 405 portator
911 350 1030 393 della
1054 358 1290 405 presente;
1319 365 1412 394 non
1434 352 1602 408 perche
1624 353 1668 395 13
1691 354 1862 398 misura

214 440 296 468 sua
319 426 378 468 mi
400 425 571 481 paressi
595 427 761 482 quella,
787 427 981 470 essendo
1005 426 1112 470 tutti
1131 428 1271 470 molto
1295 428 1521 472 sodisfatti
1539 430 1655 473 della
1678 430 1798 474 virtu
1816 440 1861 475 et

215 504 384 546 talento
406 516 506 556 suo,
533 510 578 547 et
601 504 719 546 della
742 503 917 547 charita
940 518 1029 547 con
1053 506 1141 548 che
1165 507 1353 549 attende
1370 507 1428 549 ad
1446 507 1678 563 aggiutar’
1702 508 1734 550 11
1751 523 1859 564 pro·

215 579 322 621 ximi
347 581 464 623 nelle
488 581 782 634 confessioni,
809 587 855 625 et
877 581 1202 637 predicationi,
1235 590 1280 627 et
1312 584 1428 627 altre
1450 598 1586 639 opere
1608 586 1680 629 del
1702 594 1857 630 nostro

213 657 423 700 instituto
447 672 455 710 ;
481 673 554 700 ma
576 659 747 714 perche
780 658 882 700 altri
914 658 951 702 si
983 660 1326 703 contentassino
1354 662 1411 705 de
1441 662 1501 704 tal
1530 662 1688 717 grado,
1715 678 1740 706 a
1761 664 1857 706 loro

214 736 569 792 proportionato,
595 737 805 780 vedendo
829 738 903 780 nel
925 751 1008 780 suo
1030 751 1222 780 numero
1250 737 1281 780 il
1312 740 1364 781 Ρ.
1391 738 1581 782 Xauier.
1609 741 1684 783 Ma
1713 754 1859 795 quan-

219 820 390 868 tunque
412 813 476 856 lui
506 828 585 869 per
617 829 699 857 sua
731 814 938 857 humilita
972 813 1009 857 si
1042 821 1259 859 contenta
1291 816 1347 858 de
1381 816 1683 873 qualsiuoglia
1715 818 1862 873 grado

216 892 378 934 dentro
400 891 517 934 della
540 891 840 948 Compagnia‚
867 891 911 934 io
935 906 1026 943 non
1059 899 1181 935 resto
1211 893 1452 936 sodisfatto
1481 895 1569 938 che
1596 894 1661 937 lui
1683 894 1728 936 vi
1751 895 1863 938 resti

217 967 263 1010 in
287 975 462 1023 quest03
489 968 589 1012 anzi
612 968 947 1012 discostandosi
977 970 1140 1013 adesso
1169 970 1226 1013 de
1256 971 1425 1023 Roma,
1451 978 1496 1014 et
1520 972 1786 1015 trouandosi
1818 973 1865 1016 in

215 1061 367 1101 paese,
394 1047 513 1091 doue
537 1062 673 1090 sanza
709 1047 790 1090 dar
819 1047 1060 1094 occasione
1088 1048 1144 1090 ad
1174 1047 1275 1091 altri
1311 1049 1368 1091 de
1397 1049 1703 1104 perturbarsi,
1729 1065 1864 1106 possa

217 1137 341 1166 esser
358 1125 564 1167 admesso
584 1140 610 1167 a
631 1124 930 1180 professione,
951 1124 1014 1166 mi
1031 1125 1054 1168 e
1071 1140 1205 1181 parso
1228 1125 1418 1169 scriuer’
1440 1133 1601 1181 questa
1619 1142 1643 1169 a
1661 1128 1718 1171 V.
1741 1129 1796 1170 R.
1817 1135 1863 1170 et

215 1201 262 1243 in
299 1215 381 1243 sua
418 1202 615 1244 absenza
652 1203 693 1244 al
733 1202 879 1245 Padre
918 1202 1196 1258 prouinciale
1234 1202 1338 1247 dell'
1368 1203 1555 1247 inferior
1592 1204 1858 1257 Germania,

216 1280 376 1323 accioa
397 1279 440 1322 10
464 1278 550 1323 faci
572 1280 792 1335 professo,
819 1286 863 1322 et
892 1281 928 1322 s'
950 1279 1316 1331 essaminandolo
1345 1280 1382 1322 si
1406 1281 1588 1325 trouera
1611 1281 1863 1325 mediocre-

218 1365 371 1401 mente
393 1356 668 1408 sufficiente,
689 1363 861 1411 quanto
882 1357 969 1400 3116
986 1357 1161 1409 lettere,
1182 1356 1220 1399 si
1238 1358 1324 1401 ben
1345 1359 1543 1413 qualche
1562 1372 1678 1414 poco
1695 1359 1753 1402 de
1770 1359 1863 1401 dis-

217 1434 482 1491 pensatione
506 1433 615 1476 fossi
638 1434 914 1486 necessaria,
932 1433 1049 1476 facia
1067 1434 1348 1489 professione
1367 1435 1423 1478 de
1446 1448 1473 1488 4
1491 1435 1601 1488 voti,
1623 1437 1766 1479 chela
1784 1451 1865 1479 sua

217 1513 356 1555 molta
378 1511 499 1553 virtu
527 1518 571 1553 et
593 1512 713 1553 bone
741 1510 910 1565 qualita
943 1525 1022 1566 per
1056 1511 1338 1555 seruirbDio
1362 1513 1418 1555 N.
1448 1512 1496 1556 S.
1524 1519 1569 1555 et
1597 1513 1639 1555 13
1667 1513 1866 1569 Compa-

218 1589 326 1646 gnia
348 1590 389 1631 13
412 1587 650 1630 meritano.
680 1589 741 1632 Se
763 1587 801 1629 si
820 1587 1013 1630 trouassi
1044 1588 1162 1631 nelle
1192 1589 1353 1632 lettere
1386 1595 1513 1631 tanto
1546 1589 1757 1633 inferiore
1782 1590 1867 1632 alla

222 1666 390 1709 misura
412 1664 684 1716 necessaria,
711 1666 798 1707 che
821 1679 956 1707 sanza
979 1665 1220 1708 manifesto
1247 1665 1531 1721 pregiudicio
1558 1667 1674 1710 delle
1697 1666 1867 1709 consti—

220 1742 387 1786 tutioni
410 1757 501 1785 non
526 1741 695 1798 potessi
718 1743 786 1784 far
809 1741 1088 1797 professione
1111 1743 1168 1785 de
1190 1755 1218 1796 4
1239 1742 1352 1794 voti,
1378 1742 1541 1785 faciala
1563 1744 1619 1786 de
1642 1750 1709 1787 tre
1726 1744 1867 1787 alme·
1893 1755 1896 1759 '

218 1836 295 1873 no,
321 1820 485 1876 perche
508 1833 637 1862 come
660 1834 741 1875 per
764 1826 925 1874 questa
948 1834 1039 1862 non
1061 1819 1106 1861 vi
1129 1820 1152 1863 ὲ
1176 1819 1317 1862 dubio
1343 1820 1507 1863 alcuno
1531 1821 1618 1864 che
1641 1821 1682 1863 13
1699 1820 1863 1875 meriti,

219 1899 313 1941 cosi
335 1898 378 1940 io
401 1897 462 1939 mi
485 1904 651 1939 truouo
674 1896 891 1940 inclinato
916 1911 940 1939 a
963 1898 1051 1941 che
1073 1898 1115 1940 13
1139 1896 1254 1940 facia
1277 1898 1333 1940 de
1356 1910 1399 1950 4,
1433 1912 1481 1940 56
1515 1913 1651 1941 sanza
1684 1906 1867 1942 contra-

217 1974 361 2020 uenir'
386 1974 457 2018 all'
482 1974 692 2017 instituto
715 1981 871 2016 nostro
895 1973 931 2016 si
954 1975 1100 2030 potra.
1128 1975 1230 2017 Non
1257 1975 1281 2017 e
1311 1981 1473 2030 questa
1502 1990 1583 2030 per
1612 1976 1726 2018 altro
1753 1976 1866 2019 effe-

216 2060 307 2105 cto;
334 2060 379 2096 et
402 2052 496 2095 cosi
521 2053 772 2095 solamente
801 2051 862 2093 mi
891 2059 1012 2095 resta
1046 2052 1438 2095 raccomandarmi
1467 2050 1610 2095 molto
1635 2052 1740 2096 nell’
1766 2067 1868 2095 ora-

220 2130 332 2173 tioni
354 2138 398 2172 et
422 2129 616 2172 sacrifici
639 2130 696 2173 de
719 2130 776 2173 V.
804 2131 858 2172 R.
885 2136 973 2172 etc.
1000 2131 1072 2173 De
1095 2131 1257 2182 Roma,
1287 2143 1341 2184 30
1364 2130 1422 2173 de
1445 2130 1630 2173 Genaro
1660 2130 1786 2184 1568.

307 2206 528 2249 Aduierta
552 2208 609 2249 V.
637 2208 706 2258 R.,
728 2220 834 2261 que,
860 2220 917 2249 en
940 2221 1045 2249 caso
1070 2220 1159 2261 que
1183 2207 1287 2262 algo
1311 2207 1353 2250 le
1372 2207 1480 2250 falte
1502 2207 1558 2249 de
1576 2207 1642 2249 las
1658 2208 1812 2259 letras,
1832 2206 1869 2250 si

218 2284 339 2327 tiene
362 2284 539 2339 aptitud
562 2298 669 2339 para
692 2284 897 2326 alcansar
920 2283 1231 2326 mediocridad
1254 2283 1527 2326 estudiando
1556 2284 1613 2326 de
1643 2297 1724 2339 por
1753 2287 1812 2337 51,
1838 2299 1868 2339 y

217 2360 577 2404 ordenandoselo
601 2375 690 2415 que
712 2361 755 2403 10
777 2362 897 2416 haga
920 2375 977 2403 en
1001 2375 1055 2403 su
1079 2360 1247 2416 tiempo
1272 2375 1301 2415 y
1323 2361 1472 2415 lugar,
1494 2374 1543 2402 se
1559 2361 1700 2415 podra
1717 2360 1868 2415 quitar

219 2439 261 2481 la
284 2437 553 2480 difficultad.
581 2438 620 2479 Y
645 2440 733 2479 assi
757 2437 926 2479 bueluo
949 2443 966 2464 ⁰
997 2440 1022 2479 a
1044 2437 1182 2489 dezir,
1209 2451 1297 2491 que
1315 2451 1374 2491 yo
1397 2451 1470 2480 me
1492 2436 1676 2488 inclino,
1701 2436 1866 2481 viendo

219 2530 274 2559 su
303 2514 457 2557 virtud
486 2529 514 2569 y
545 2529 635 2556 avn
665 2514 707 2557 61
738 2514 909 2557 talento
938 2515 1011 2558 del
1040 2513 1265 2569 predicar,
1298 2517 1324 2555 a
1352 2514 1419 2555 105
1448 2526 1476 2566 4
1508 2519 1664 2566 votos,
1700 2514 1751 2555 in
1784 2510 1867 2556 7'20-

219 2594 343 2634 mine
365 2592 575 2634 Domini.
606 2591 663 2633 D.
692 2591 749 2634 V.
777 2591 832 2633 R.
860 2590 1011 2633 sieruo
1033 2605 1092 2634 en
1114 2591 1217 2643 X.⁰‚

1329 2668 1364 2709 F
1369 2680 1622 2711 RANCISCO.

309 2746 554 2801 Inscriptio
577 2746 628 2787 in
652 2748 817 2800 quarta
835 2744 1088 2802 pagium-1·
1106 2745 1165 2787 Al
1182 2744 1322 2786 molto
1347 2745 1461 2787 Rdo.
1490 2743 1536 2785 in
1559 2745 1678 2799 Xpo.
1701 2744 1863 2796 Padre,

218 2824 249 2866 11
273 2825 325 2866 P.
353 2825 410 2866 D.
439 2822 707 2866 Hieronimo
730 2823 882 2875 Natal‚
907 2821 1113 2865 visitator
1143 2821 1261 2865 nelle
1291 2820 1521 2877 prouintie
1543 2822 1587 2863 d’
1608 2822 1867 2878 Alemagna

289 3015 309 3035 a
348 3007 433 3042 Hoc
452 3006 562 3042 verb.
585 3006 778 3041 Polancus
797 3004 946 3040 addidit
965 3017 1082 3052 supra
1107 3005 1284 3040 vers.—b
1306 3003 1494 3051 Sequitur
1518 3016 1543 3039 a
1570 3003 1821 3040 obliteratum
1843 3015 1865 3039 a

216 3067 398 3108 Polanco,
420 3072 462 3101 ut
484 3065 725 3101 videtur.-c
773 3065 960 3111 Archet.,
980 3065 1116 3100 buzuo.
