2101 3348
873 207 913 244 17
942 200 1133 236 AUGUSTI
1163 200 1252 245 1568
1763 200 1837 246 629

236 306 402 354 questo
440 299 651 355 collegio,
692 302 778 345 che
815 302 837 344 ὲ
877 301 1184 346 infirmissimo
1215 310 1259 346 et
1298 302 1586 359 trauagliato.
1620 303 1754 346 Altro
1793 316 1883 345 non

242 390 430 419 occorre
452 378 494 420 31
515 385 742 433 presente.
770 379 888 422 Nelli
911 379 1028 423 santi
1052 379 1261 423 sacrificii
1290 388 1335 423 et
1364 379 1558 423 orationi
1587 380 1705 424 della
1735 381 1788 423 P.
1822 380 1880 423 V.

246 453 465 497 Ximenez
497 461 542 498 et
571 454 613 497 io
642 455 683 498 ei
713 457 1106 501 raceomandiamo
1135 458 1452 510 humilmente‚
1484 465 1529 501 et
1558 457 1604 500 in
1633 457 1772 512 quelli
1801 472 1880 500 an-

244 543 351 573 cora
372 531 477 574 deni
500 532 600 574 Rdi,
630 518 769 579 Padri'
789 533 1035 585 assistenti,
1063 535 1136 578 del
1160 536 1212 578 P.
1251 535 1467 587 Polanco,
1503 536 1556 578 P.
1592 536 1650 577 D.
1687 533 1880 586 Madrid,

245 608 298 651 P.
325 607 654 663 Ribadeneyra,
684 611 735 651 P.
762 609 1049 664 Sebastiano,
1075 618 1162 654 ete.
1188 612 1420 654 Dominus
1447 613 1506 654 sit
1534 611 1779 654 nobiscum.
1813 612 1884 654 Da

240 684 486 738 Ciamberi‚
512 684 586 727 alli
612 697 636 738 7
659 686 702 727 d'
729 687 909 742 Agosto
942 688 1068 741 1568.
1095 690 1152 731 D.
1182 690 1234 731 P.
1262 690 1320 732 V.
1348 704 1480 732 seruo
1502 704 1559 732 en
1583 690 1687 742 X.⁰‚

1330 772 1360 829 †
1391 773 1578 816 NADAL.
1615 771 1645 829 †

324 917 570 972 Inscriptio
592 919 642 960 in
658 921 793 973 parte
816 922 1080 961 remanente
1101 920 1290 961 secundi
1305 921 1418 978 folii
1442 935 1469 962 a
1493 924 1639 977 tergo:
1667 920 1794 974 1568.
1822 919 1878 963 C.

229 993 488 1038 'Ciambefh
516 996 569 1037 P.
603 996 780 1048 Natale,
807 994 1044 1039 visitator'.
1071 1007 1097 1050 7
1126 997 1170 1038 d’
1204 998 1403 1053 Agosto.
1430 998 1588 1054 sigilli
1615 998 1876 1054 vestigium.

997 1137 1128 1179 533
1407 1175 1413 1177 ,

705 1220 750 1256 S.
784 1221 1115 1258 FRANCISCUS
1141 1223 1211 1257 DE
1236 1182 1407 1268 BORjA

577 1299 788 1341 PATRI
830 1300 1259 1344 HIERONYMO
1302 1301 1546 1343 NADAL

748 1383 909 1422 ROMAE,
941 1384 982 1421 17
1009 1385 1197 1414 AUGUSTI
1226 1377 1316 1420 1568
1336 1376 1363 1412 ¹.

237 1462 276 1492 Ι.
300 1453 360 1487 De
379 1452 541 1487 Natalis
559 1452 872 1488 itineribus—2.
895 1453 957 1489 De
975 1453 1194 1489 Edmundo
1213 1454 1410 1501 Augerz'o,
1426 1467 1480 1489 an
1500 1466 1525 1489 a
1543 1454 1661 1489 curia
1679 1464 1881 1489 removen-

281 1513 356 1547 dus
374 1512 670 1557 videntum—3.
692 1512 837 1547 Natali
854 1513 996 1558 aliqua
1015 1513 1058 1548 in
1077 1525 1151 1548 sua
1178 1514 1419 1548 lustratione
1439 1514 1672 1548 ordinanda
1687 1524 1880 1548 commen-

283 1572 552 1615 dantium—4.
578 1571 638 1607 De
658 1571 872 1607 Francisco
891 1573 938 1607 de
962 1573 1151 1614 Fonseca,
1178 1576 1214 1608 et
1232 1574 1279 1608 de
1304 1574 1420 1608 domo
1442 1572 1696 1619 probationis
1711 1572 1881 1618 jamdiu

281 1632 508 1678 excogitata
525 1643 551 1666 a
569 1630 819 1675 Natali.—5.
843 1631 1085 1668 Franciscus
1102 1633 1149 1667 de
1174 1632 1318 1668 Toledo
1333 1635 1485 1678 prorex
1504 1633 1708 1667 Peruvz'ae
1731 1643 1880 1667 renun-

285 1691 428 1726 tiatur.

336 1781 372 1811 Ι.
432 1770 530 1825 Jhs.
567 1769 711 1812 Molto
742 1770 854 1812 Rdo.
889 1769 933 1811 in
965 1770 1083 1825 Xpo.
1118 1770 1280 1814 Padre.
1315 1771 1412 1812 Pax
1441 1768 1632 1821 Christi,
1658 1775 1747 1812 ete.
1774 1769 1879 1813 Alle

239 1845 400 1890 lettere
421 1845 465 1887 di
489 1847 546 1889 V.
574 1847 627 1888 R.
648 1846 705 1889 de
724 1858 778 1888 22
797 1853 842 1889 et
861 1859 916 1903 29
934 1846 979 1888 di
997 1845 1185 1902 Giugno
1203 1847 1235 1898 ⁵²,
1257 1848 1342 1891 che
1359 1848 1522 1889 furono
1540 1847 1583 1890 le
1601 1845 1759 1888 ultime
1776 1859 1874 1898 sue,

237 1922 273 1966 s’
296 1923 319 1966 ὲ
342 1923 453 1966 fatta
475 1922 685 1978 risposta.
711 1923 858 1980 Dapoi
880 1938 959 1979 per
982 1924 1095 1968 altre
1117 1924 1173 1966 de
1203 1936 1252 1980 19
1276 1923 1320 1966 di
1349 1923 1515 1980 Luglio
1537 1923 1611 1966 del
1636 1925 1688 1966 P.
1716 1922 1877 1966 Oliue—

236 2000 304 2043 rio
324 2001 338 2021 5
361 2000 406 2042 di
431 1999 585 2056 Parigi
608 2000 848 2043 habbiamo
871 2000 1020 2044 inteso
1043 2001 1086 2043 13
1114 2001 1278 2057 partita
1300 2000 1345 2042 di
1370 2002 1426 2044 V.
1455 2003 1508 2043 R.
1536 2015 1614 2057 per
1637 2001 1873 2052 Verduno,

235 2077 425 2122 insieme
447 2078 517 2120 001
539 2092 756 2130 veseouo,
777 2078 894 2121 della
913 2078 1046 2133 quale
1064 2078 1288 2134 speriamo
1311 2079 1410 2121 sara
1429 2078 1601 2122 seruito
1618 2077 1705 2121 Dio
1725 2078 1781 2121 N.
1804 2078 1873 2131 S.,

234 2161 280 2199 et
302 2154 474 2197 aiutato
496 2155 601 2209 quel
623 2154 831 2211 collegio.
858 2154 916 2198 Di
946 2154 1090 2198 Lione
1117 2155 1159 2198 ci
1187 2155 1399 2199 scriuono
1432 2157 1520 2199 che
1549 2155 1635 2198 alla
1666 2154 1878 2211 giornata

236 2238 533 2288 aspettauano
556 2233 613 2275 V.
641 2233 714 2284 R„
739 2238 785 2276 et
807 2233 900 2275 cosi
923 2232 960 2275 si
983 2232 1183 2276 drizzara
1202 2240 1362 2289 questa
1383 2234 1426 2277 al
1444 2240 1585 2276 rettor
1608 2232 1652 2275 di
1676 2231 1822 2276 Lione
1839 2232 1873 2284 ⁴,

237 2309 448 2352 aceioche
471 2310 513 2351 13
534 2309 623 2362 dia,
650 2324 676 2351 0
699 2309 866 2362 mandi,
893 2325 941 2354 se
964 2324 1057 2353 non
1080 2311 1108 2352 l’
1134 2312 1361 2367 aspettara
1383 2310 1429 2354 in
1453 2311 1594 2355 breue
1615 2309 1664 2353 R.

329 2399 368 2429 2.
436 2387 470 2428 11
492 2386 743 2442 prouincial
765 2386 810 2429 di
832 2386 1023 2430 Francia
1046 2387 1194 2430 seriue
1217 2388 1335 2432 nella
1357 2388 1517 2432 lettera
1538 2386 1584 2429 di
1607 2401 1739 2442 sopra
1761 2386 1875 2429 eita-

237 2470 299 2518 ta,
325 2465 412 2507 che
434 2463 465 2506 il
489 2466 544 2507 P.
568 2465 775 2508 Emondo
796 2466 826 2517 5,
852 2464 1133 2520 prouinciale
1155 2466 1200 2507 d’
1226 2464 1496 2520 Aquitania,
1525 2465 1567 2507 fa
1591 2465 1731 2507 frutto
1755 2465 1876 2507 doue

234 2548 320 2594 sta,
347 2556 420 2584 ma
437 2542 524 2584 che
546 2556 639 2583 non
660 2543 685 2584 e
708 2556 786 2598 per
809 2543 918 2586 hora
940 2549 1066 2585 tanto
1084 2542 1359 2594 necessario,
1380 2543 1466 2585 che
1484 2556 1576 2584 non
1600 2541 1775 2585 facesse
1797 2541 1875 2597 pist

234 2619 375 2661 frutto
403 2617 449 2661 in
477 2618 778 2675 qualsiuoglia
810 2620 923 2662 altro
951 2620 1110 2676 luogo,
1142 2626 1189 2662 et
1223 2619 1322 2662 dice
1350 2619 1613 2663 finalmente
1642 2619 1729 2661 che
1759 2618 1875 2660 mala

303 2717 313 2738 ¹
365 2719 423 2752 Ex
443 2719 669 2765 archetypo,
685 2720 734 2754 ab
753 2718 885 2765 ignoto
903 2719 1061 2755 librario
1080 2724 1252 2766 exarato,
1269 2725 1308 2755 et
1323 2719 1489 2765 Borgiae
1506 2731 1622 2754 manu
1636 2718 1873 2764 subscripto,

231 2776 271 2812 in
292 2776 386 2812 Cod.
410 2787 472 2822 34,
492 2778 637 2824 duplici
655 2778 737 2824 fol.,
758 2778 827 2824 239
848 2780 936 2825 (54).

305 2835 319 2855 ἓ
369 2836 469 2871 Vide
488 2836 602 2883 epist.
624 2838 693 2882 526
711 2843 752 2873 et
769 2846 855 2883 527.

305 2896 318 2915 ⁵
369 2895 588 2942 Manareus,
608 2896 857 2943 provincialis
877 2896 1078 2933 Franciae.

307 2955 321 2975 4
371 2954 590 2991 Gulielmus
609 2956 802 2992 Creitton.
821 2957 880 2991 Ex
898 2958 1076 3003 catalogo
1094 2956 1318 3004 provinciae
1338 2956 1588 3003 Aquitaniae.
1612 2954 1715 2999 1568.

314 3014 329 3034 ⁵
379 3013 575 3059 Augerius
593 3015 760 3061 (Auger)
772 3041 781 3051 .
