2101 3348
344 192 409 227 168
850 190 988 225 EPIST.
1015 188 1059 222 P.
1088 187 1123 222 N
1126 196 1359 235 ΑΒΜ-409

294 292 536 343 assistenti,
562 298 606 333 et
628 291 700 333 del
726 293 777 333 Ρ.
805 290 1018 340 Polanco,
1047 290 1098 331 P.
1127 289 1318 341 Madrid‚
1345 297 1453 343 etc.,
1479 290 1619 333 molto
1642 289 1924 335 desideramo

295 369 399 412 tutti
436 370 572 411 esser'
613 365 961 409 raccomandati.
1003 366 1073 408 Da
1106 366 1403 422 Ingolstadio,
1445 367 1519 410 alli
1557 380 1608 424 19
1644 368 1701 411 de
1737 367 1925 424 Giugno

301 446 425 500 1566.
451 447 507 487 D.
536 446 587 486 P.
615 445 672 486 V.
699 457 833 485 seruo
857 457 913 486 en
936 441 1033 494 X.⁰,

1376 526 1405 583 †
1437 527 1623 570 NADAL.
1660 526 1689 584 †

382 677 435 719 R.
465 675 625 717 Padre:
652 687 711 715 no
733 687 782 716 se
804 674 1025 729 responde
1048 677 1073 715 3
1095 673 1137 716 13
1154 673 1211 717 de
1230 683 1301 728 25,
1323 689 1496 730 porque
1512 674 1681 717 casino
1705 689 1760 729 ay
1777 677 1803 716 3
1820 676 1924 729 que,

293 757 389 796 mas
411 754 467 795 de
489 751 650 794 scriuir
671 765 755 806 por
778 752 820 795 el
842 750 1035 793 concilio
1057 757 1214 793 contra
1243 752 1492 795 Kemnisio.

381 834 625 889 Inscriptio
648 834 697 875 in
721 836 887 888 quarta
903 833 1102 889 pagina:
1118 834 1250 890 Jhus.
1278 834 1337 876 Al
1367 835 1505 876 molto
1535 834 1649 877 Rdo.
1677 834 1823 877 Padre
1846 848 1932 876 no-

292 919 387 955 stro
404 912 449 953 in
467 910 648 954 Christo
666 910 695 952 il
714 911 766 953 Ρ.
789 911 823 952 F
827 924 1042 953 rancesco
1060 910 1116 953 de
1136 909 1320 966 Borgia,
1339 911 1568 966 preposito
1587 911 1799 967 generale
1815 911 1932 953 della

293 988 576 1045 Compagnia
599 988 655 1030 de
672 989 800 1044 Jessi‚
827 994 915 1029 etc.
942 989 1098 1030 Roma.
1131 988 1240 1029 Alia
1262 1002 1427 1030 manu.-
1455 989 1507 1031 C.
1549 1001 1564 1031 Ι
1575 989 1674 1043 566.
1708 988 1933 1044 Ingolsta-

293 1066 386 1108 dio.
415 1068 466 1109 P.
493 1064 670 1108 Natale.
704 1076 754 1120 19
777 1063 821 1106 di
844 1063 1049 1120 Giugno.
1086 1065 1339 1121 Vestigium
1362 1066 1525 1122 sigilli.

1046 1175 1170 1216 409

736 1257 787 1298 Ρ.
825 1256 1237 1299 HIERONYMUS
1270 1256 1488 1300 NADAL

626 1331 870 1369 SANCTO
905 1330 1265 1369 FRANCISCO'
1296 1333 1371 1367 DE
1406 1332 1599 1379 BORJA

817 1406 1058 1439 AUGUSTAE,
1079 1397 1123 1432 28
1141 1406 1252 1444 JUNII
1274 1399 1363 1442 1566
1385 1401 1410 1433 ¹.

292 1472 325 1498 ι.
349 1463 579 1510 Augustam
603 1463 787 1510 attingit:
808 1464 1095 1498 Bernardinus
1119 1464 1224 1498 male
1247 1464 1374 1499 habet:
1392 1464 1576 1510 simenez
1604 1465 1936 1511 ingolstadienses

341 1522 617 1567 adjuvat—2.
642 1522 800 1557 Novum
818 1523 969 1557 socium
980 1523 1176 1569 postulat:
1196 1523 1363 1558 Patrem
1374 1523 1559 1569 Jimenez
1584 1524 1835 1559 Vindobonae
1853 1535 1937 1558 ma·

341 1593 432 1616 nere
452 1584 720 1628 exoptat.—3.
750 1581 964 1628 Maggimw
986 1583 1221 1628 provinciae
1246 1583 1439 1618 Austriae
1465 1586 1500 1618 et
1535 1583 1739 1628 Lanoyum
1770 1583 1937 1630 collegio

339 1641 604 1687 oenipontano
619 1639 839 1687 praeficere
858 1642 1092 1676 meditatur.
1109 1652 1184 1685 -4.
1211 1640 1294 1676 Cur
1311 1642 1556 1677 Sclzoritium
1571 1643 1614 1677 in
1631 1642 1797 1677 Italiam
1812 1642 1936 1677 misit.

339 1709 426 1743 -ς,
456 1701 742 1735 Bernardinus
767 1701 810 1734 in
826 1701 1011 1746 patriam
1036 1701 1284 1736 valetudinis
1308 1713 1430 1736 causa
1455 1702 1649 1737 mittitur.
1674 1703 1767 1736 Post
1784 1702 1937 1749 scripta

340 1760 387 1794 de
404 1759 715 1795 adolescentibus
732 1760 776 1794 in
790 1760 1006 1806 collegium
1021 1761 1306 1806 germanicum
1324 1762 1553 1796 destinatis.
1891 1760 1894 1764 '

390 1849 425 1879 Ι.
493 1836 521 1893 †
555 1839 665 1892 Muy
688 1837 800 1880 Rdo.
835 1836 880 1878 in
914 1836 1000 1880 X.⁰
1032 1840 1182 1881 Pater.
1223 1841 1315 1881 Pax
1349 1839 1433 1881 X.i
1463 1839 1605 1883 Haier
1637 1843 1663 1881 3
1685 1838 1832 1881 medio
1862 1839 1935 1881 dia

295 1913 446 1969 llegue
469 1920 488 1940 a
504 1914 559 1956 de
582 1915 797 1969 Ingostad
815 1928 901 1956 con
918 1915 959 1957 el
978 1921 1126 1958 rector
1144 1916 1177 1967 ²,
1201 1915 1483 1959 Bernardino
1502 1917 1516 1937 ⁵
1542 1931 1571 1972 y
1590 1916 1868 1960 Alexandro:
1895 1916 1936 1959 el

297 1996 444 2033 rector
459 1990 479 2016 b
500 2005 528 2044 y
547 1991 679 2033 Mtro.
704 1990 887 2033 Canisio
910 1995 1080 2034 verna'm
1099 1992 1278 2048 comigo
1296 1997 1321 2035 3
1340 1993 1525 2049 Dilinga
1547 1995 1654 2048 hoy,
1677 1993 1938 2036 Alexandro

297 2081 503 2109 veremos
527 2068 583 2110 de
606 2081 800 2122 occupas
823 2083 879 2111 en
903 2074 1002 2110 otro
1026 2069 1158 2125 lugat
1175 2070 1231 2113 de
1249 2071 1291 2112 13
1308 2059 1565 2126 ρῑουίηοί3.
1583 2070 1863 2114 Bernardino
1881 2084 1940 2112 no

298 2157 402 2185 creo
426 2144 566 2198 podre't
588 2151 680 2185 star
702 2159 759 2186 en
783 2152 878 2188 esta
898 2145 1152 2200 prouincia,
1180 2153 1249 2189 sta
1272 2149 1401 2189 harto
1436 2148 1525 2189 mal
1547 2147 1780 2203 dispuesto
1809 2161 1867 2189 en
1899 2147 1941 2189 13

298 2219 537 2275 disciplina
561 2227 667 2271 etc.,
694 2236 722 2275 y
745 2236 803 2263 no
827 2236 931 2265 creo
946 2229 963 2249 0
997 2237 1044 2265 se
1066 2223 1214 2278 puede
1237 2224 1373 2266 sufr'ir
1397 2228 1508 2267 mas.
1537 2225 1654 2268 Creo
1675 2225 1718 2268 le
1741 2224 1940 2268 embiare

300 2300 327 2339 3
350 2296 543 2339 Venetia
567 2296 603 2339 si
620 2302 784 2351 querre't
802 2297 854 2350 ir,
877 2298 914 2340 si
937 2314 1012 2352 no,
1034 2303 1059 2341 3
1082 2314 1135 2341 su
1154 2299 1298 2355 patria
1315 2301 1383 2343 sin
1402 2301 1584 2345 soltarle
1601 2302 1667 2343 los
1684 2307 1815 2343 votos
1832 2315 1940 2356 para

372 2434 393 2454 a
432 2427 614 2472 Autogr.‚
634 2427 821 2474 Mega—b
843 2427 1028 2475 Sequitur
1046 2433 1172 2465 vernei
1190 2432 1345 2479 comigo
1364 2431 1697 2467 obliteratum—c
1715 2432 1801 2467 Hoc
1819 2433 1933 2468 verb.

301 2496 418 2532 supra
437 2497 544 2520 vers.
567 2485 717 2521 addidit
743 2486 797 2521 N.

373 2585 384 2606 ¹
435 2587 492 2621 Ex
511 2587 765 2633 autographo,
785 2587 824 2622 in
843 2587 978 2634 Epist.
1009 2588 1173 2633 Natat„
1193 2590 1244 2631 ΙΙ,
1264 2590 1410 2637 duplici
1430 2591 1521 2637 fol.,
1544 2601 1610 2637 140
1633 2594 1734 2639 (101,
1757 2593 1855 2637 102).
1880 2592 1942 2627 In-

302 2650 362 2680 ter
380 2646 500 2680 verba
516 2645 716 2692 hispanica
733 2646 860 2693 aliqua
878 2646 1008 2682 italica
1033 2648 1188 2694 scripsit
1208 2649 1358 2685 Natalis
1377 2662 1420 2685 v.
1443 2662 1486 2696 g.
1512 2652 1720 2688 rihauerse
1744 2663 1812 2698 pro
1829 2653 1943 2687 reha-

301 2716 422 2746 ceroe,
443 2710 524 2740 etc.

374 2765 388 2785 ἓ
439 2764 487 2799 Ρ.
512 2764 700 2799 Martinus
720 2765 1002 2800 Leubenstain.
1029 2766 1129 2801 Vide
1149 2778 1240 2813 pag.
1270 2767 1352 2813 167,
1367 2773 1498 2803 annot.
1521 2778 1558 2804 2.

373 2823 387 2842 ³
437 2823 482 2857 In
511 2824 689 2869 catalogo
718 2823 874 2870 collegii
908 2824 1158 2870 oenipontani
1195 2837 1295 2861 anno
1334 2827 1422 2871 1565
1455 2828 1648 2873 reperitur
1681 2828 1943 2864 Bernardinus

299 2881 458 2926 Guana,
485 2882 669 2928 magister
692 2882 849 2928 linguae
875 2894 1057 2928 graecae.
1083 2885 1140 2919 Ex
1166 2884 1287 2931 ipsius
1319 2887 1499 2922 examine
1519 2888 1670 2934 (Epist.
1699 2888 1863 2935 Natal.‚
1889 2888 1941 2932 ΙΙ,

302 2941 400 2985 545),
426 2941 569 2987 scripto
592 2941 822 2987 Ingolstadii
857 2941 899 2977 18
918 2942 1012 2988 Julii
1036 2943 1137 2989 1566,
1157 2949 1310 2980 constat
1329 2944 1423 2980 satis
1443 2947 1545 2982 clare
1566 2946 1748 2982 eumdem
1767 2958 1872 2991 esse,
1891 2946 1941 2982 de

299 3010 377 3045 quo
395 3000 457 3035 hic
476 3000 646 3047 loquitur
665 3001 831 3037 Natalis.
