2101 3348
359 256 380 291 4
385 253 431 290 52
873 239 1011 274 EPIST.
1039 236 1083 271 P.
1111 236 1380 281 NADAL—477

308 353 433 390 tanta
450 345 492 388 la
510 342 774 387 fundatione
792 346 1027 397 praesente
1045 352 1173 382 come
1191 338 1340 393 quella
1361 337 1406 380 di
1428 336 1629 394 Dilinga,
1650 344 1695 381 et
1717 346 1939 394 promette

307 424 337 465 il
359 435 556 467 vescouo
579 419 763 462 disertis
785 417 932 460 verbis
960 415 1289 472 augmentarla,
1315 414 1360 457 di
1382 415 1518 457 modo
1541 404 1627 457 che
1650 429 1740 458 non
1771 416 1794 459 ὲ
1823 416 1930 458 obli-

307 506 413 555 gata
434 498 476 541 13
498 495 782 552 Compagnia
805 509 830 537 a
853 493 965 536 tanti
987 492 1159 544 mastri,
1185 506 1234 535 se
1255 506 1347 535 non
1371 493 1458 535 che
1480 491 1510 534 li
1532 492 1639 535 dara
1661 492 1939 538 voluntaria-

305 583 473 627 mente,
493 572 621 630 quasi
639 587 718 629 per
735 569 908 614 incitar’
927 569 999 613 all'
1017 576 1265 626 augmento
1284 575 1329 612 et
1350 569 1681 625 complemento
1698 569 1814 614 della
1833 570 1937 613 fun—

306 652 504 696 datione.
531 652 587 693 Et
609 650 857 693 realmente
885 649 1078 690 hauemo
1101 661 1179 702 per
1201 645 1478 702 esperiencia
1499 647 1586 690 che
1608 646 1830 703 tenghino
1859 662 1939 704 per

307 744 422 787 gran
460 728 665 771 violenza
701 728 787 769 che
824 740 916 768 non
954 723 1181 780 vogliamo
1219 722 1541 766 incominciare
1577 723 1769 780 collegio
1805 724 1940 780 pieno

306 806 595 863 equiualente
617 819 642 847 a
665 802 928 854 vniuersita,
955 816 1090 845 senza
1113 802 1198 845 che
1220 800 1354 843 diano
1375 800 1519 857 prima
1540 800 1583 843 la
1612 801 1941 845 sustentatione

306 884 351 926 di
375 896 446 937 7o,
466 897 492 925 o
516 881 649 925 etiam
673 882 744 924 60.
772 881 828 922 Et
851 878 909 921 m’
933 879 955 922 ὲ
978 893 1109 935 parso
1133 893 1157 920 a
1180 892 1251 922 me
1273 879 1360 920 che
1376 877 1617 921 habbiamo
1639 878 1695 920 da
1717 877 1940 921 incomin—

307 961 427 1004 ciare
449 974 528 1016 per
557 974 645 1001 vna
674 956 950 1008 mediocrita,
984 955 1297 1012 promettendo
1325 955 1421 998 loro
1451 954 1479 996 1’
1508 962 1756 1011 augmento
1786 954 1936 1011 pieno,

313 1039 349 1082 si
367 1052 495 1082 come
513 1039 704 1080 hauemo
723 1036 836 1078 fatto
854 1034 899 1076 in
918 1033 1117 1095 Dilinga.
1139 1034 1196 1075 Et
1213 1032 1259 1074 in
1283 1032 1387 1075 tutti
1405 1031 1479 1075 doi
1496 1032 1668 1088 negotii
1685 1032 1728 1075 io
1751 1033 1810 1075 ho
1828 1047 1942 1089 pen—

311 1122 409 1160 sato
432 1115 600 1158 andare
621 1114 734 1155 bona
747 1112 857 1168 fide,
881 1109 1256 1167 persuadendomi
1281 1111 1367 1153 che
1389 1110 1431 1152 13
1454 1111 1506 1152 Ρ.
1534 1111 1590 1153 V.
1618 1124 1785 1166 sapeua
1807 1110 1837 1152 il
1859 1124 1942 1166 pa—

308 1195 394 1236 rer’
420 1191 510 1234 mio
532 1190 651 1234 circa
672 1189 716 1231 di
745 1195 922 1244 questo,
955 1202 1004 1231 se
1032 1201 1124 1230 non
1152 1201 1233 1242 per
1270 1185 1406 1242 quelli
1440 1186 1590 1239 Padri,
1627 1187 1831 1230 almanco
1862 1203 1941 1243 per

311 1270 460 1326 quella
483 1268 555 1311 del
577 1266 800 1323 principio
824 1265 865 1308 d'
898 1266 1106 1316 Ottobre‚
1133 1271 1178 1306 et
1206 1263 1266 1305 mi
1288 1271 1486 1319 puoteua
1508 1264 1769 1320 rispondere
1792 1265 1942 1309 deter-

310 1347 650 1396 minatamente‚
676 1343 707 1385 il
729 1345 813 1387 che
835 1357 927 1385 non
952 1342 1064 1394 fece,
1091 1355 1218 1384 come
1240 1334 1282 1383 io
1304 1340 1565 1385 intendeua.
1588 1342 1634 1384 Io
1657 1342 1832 1393 adesso,
1855 1343 1944 1384 Pa-

311 1425 406 1475 dre,
433 1430 552 1467 resto
574 1436 659 1465 con
682 1420 841 1463 timore
865 1427 909 1464 et
932 1418 1265 1471 incertitudine,
1293 1425 1337 1462 et
1360 1417 1489 1473 quasi
1520 1433 1721 1474 pensauo
1744 1418 1789 1461 di
1812 1418 1945 1461 ritor—

311 1516 420 1545 nare
437 1515 462 1543 a
480 1499 611 1555 Spira
628 1505 672 1541 et
695 1504 919 1554 aspettare
941 1498 983 1539 13
1001 1496 1263 1539 risolutione
1285 1495 1402 1539 della
1426 1497 1478 1538 P.
1505 1497 1583 1547 V.‚
1605 1502 1649 1539 et
1667 1510 1751 1538 con
1776 1497 1940 1550 quella,

313 1592 362 1621 se
385 1592 557 1634 parese,
584 1575 704 1631 dipoi
727 1574 769 1617 d'
793 1576 962 1617 hauere
979 1574 1086 1616 dato
1110 1573 1331 1629 raggione
1353 1573 1394 1615 al
1417 1573 1609 1628 capitolo
1633 1572 1677 1615 di
1695 1573 1842 1628 Spira,
1863 1588 1945 1616 an-

314 1656 421 1698 dare
444 1653 577 1698 etiam
607 1668 632 1696 a
660 1651 896 1707 Herbipoli
933 1666 1012 1707 per
1044 1650 1074 1692 il
1106 1650 1353 1694 medesiino
1386 1651 1556 1702 effetto,
1592 1658 1638 1693 et
1669 1650 1887 1694 ritornare
1920 1666 1945 1695 a

314 1739 466 1787 tempo
488 1730 532 1773 di
554 1737 717 1786 puoter
738 1730 903 1772 andare
933 1729 1075 1785 (come
1098 1742 1238 1783 penso
1260 1727 1440 1783 andare)
1463 1728 1547 1770 alla
1573 1728 1694 1771 sonte
1722 1729 1777 1772 de
1806 1728 1944 1785 Lieg—

318 1808 394 1866 [gi]
411 1815 447 1861 a,
474 1822 601 1851 come
623 1809 684 1850 ho
707 1806 895 1850 licencia
911 1806 1027 1849 dalla
1047 1808 1098 1848 P.
1124 1806 1196 1857 V.;
1220 1819 1290 1847 ma
1307 1819 1398 1847 non
1420 1804 1480 1847 mi
1503 1819 1584 1848 son
1607 1820 1770 1849 ancora
1793 1807 1944 1850 deter-

315 1886 501 1929 minato.
529 1886 593 1928 La
615 1899 751 1927 causa
773 1884 860 1927 che
881 1882 941 1924 mi
960 1897 1092 1926 moue
1115 1881 1229 1925 assai
1247 1897 1326 1938 per
1344 1889 1503 1937 questo
1526 1882 1548 1926 ὲ
1567 1884 1654 1927 che
1670 1882 1713 1926 io
1730 1898 1836 1939 pare
1853 1898 1944 1926 non

316 1963 437 2019 possi
459 1962 613 2004 andar’
639 1960 808 2013 auanti,
833 1960 888 2003 ne
911 1974 937 2002 a
959 1960 1193 2011 Verduno,
1226 1960 1344 2003 doue
1382 1959 1442 2001 mi
1475 1959 1652 2003 chiama
1684 1960 1714 2002 il
1747 1975 1945 2003 vescouo

318 2055 398 2095 per
421 2040 463 2082 la
487 2038 765 2090 fundatione,
791 2038 847 2080 ne
877 2053 902 2080 a
931 2036 1110 2093 Lieggi,
1143 2037 1261 2080 doue
1293 2051 1457 2089 ancora
1493 2051 1573 2093 per
1601 2038 1738 2080 homo
1766 2038 1948 2094 proprio

319 2119 378 2158 m’
405 2118 464 2159 ha
486 2117 697 2159 mandato
721 2131 746 2159 a
768 2115 983 2158 chiamar'
1010 2113 1039 2155 il
1063 2128 1259 2157 vescouo
1280 2128 1362 2169 per
1383 2114 1413 2156 il
1435 2114 1696 2167 medesimo,
1722 2115 1777 2158 ne
1806 2130 1831 2158 a
1859 2115 1950 2158 Ca-

320 2208 516 2245 meraco,
543 2194 600 2236 ne
618 2208 643 2235 a
666 2199 795 2235 santo
825 2193 1044 2244 Aumar03
1072 2192 1239 2247 perche
1262 2206 1352 2234 non
1374 2206 1423 2235 so
1445 2205 1573 2235 come
1601 2191 1847 2248 risponder'
1875 2193 1949 2235 alli

319 2270 521 2322 vescoui,
543 2277 586 2313 et
604 2284 731 2313 come
748 2268 1023 2312 incaminare
1039 2269 1081 2313 le
1099 2268 1367 2322 fundationi,
1388 2270 1556 2325 perche
1573 2284 1662 2312 non
1681 2271 1740 2312 ho
1759 2270 1950 2313 formula

320 2347 498 2400 nisuna,
526 2361 574 2389 se
596 2361 689 2389 non
713 2347 861 2401 quella
883 2346 955 2389 del
980 2348 1031 2388 Ρ.
1060 2348 1173 2389 Mro.
1201 2347 1398 2401 LayneZ,
1420 2353 1464 2390 et
1483 2347 1631 2401 quello
1649 2347 1734 2389 che
1751 2347 1793 2389 13
1812 2347 1864 2389 P.
1886 2347 1943 2389 V.

322 2424 383 2466 mi
406 2423 552 2467 scriue
575 2425 751 2476 adesso,
777 2423 821 2465 di
844 2438 933 2466 non
964 2423 1180 2479 obligare,
1212 2431 1298 2467 etc.
1326 2425 1383 2466 Et
1411 2427 1560 2466 tamen
1588 2424 1629 2466 la
1654 2424 1843 2466 formula
1875 2423 1947 2468 del

323 2503 375 2544 P.
403 2502 599 2556 Laynez,
625 2501 680 2542 ne
703 2500 766 2543 lui
788 2499 815 2542 1’
838 2502 898 2543 ha
921 2507 1118 2554 seruato,
1145 2501 1263 2545 nella
1287 2502 1338 2544 P.
1367 2502 1423 2545 V.
1449 2500 1495 2543 in
1512 2500 1711 2556 Dilinga;
1732 2499 1763 2543 il
1785 2502 1870 2545 che
1887 2501 1948 2543 mi

321 2592 427 2634 pare
452 2578 562 2620 fatto
587 2592 671 2620 con
693 2578 829 2619 molta
853 2577 1085 2633 raggione:
1111 2586 1155 2621 et
1177 2578 1222 2620 in
1245 2579 1265 2605 b
1293 2579 1441 2634 quello
1470 2579 1556 2621 che
1578 2578 1676 2622 dice
1705 2578 1746 2621 13
1781 2580 1831 2621 Ρ.
1868 2579 1945 2630 V.‚

321 2669 413 2698 non
436 2654 636 2710 puotersi
665 2653 867 2709 obligare
894 2654 937 2696 13
964 2655 1244 2711 Compagnia
1273 2671 1298 2699 a
1325 2670 1374 2700 se
1411 2662 1570 2708 stessa,
1605 2662 1712 2708 etc.,
1748 2656 1951 2699 almanco

321 2746 401 2788 per
423 2732 581 2775 lettere
604 2730 790 2786 patenti,
816 2730 858 2772 io
880 2745 1022 2786 penso
1054 2731 1132 2774 far'
1155 2733 1272 2776 bene
1300 2732 1345 2775 di
1374 2733 1603 2776 consultar
1631 2733 1673 2776 13
1708 2735 1759 2775 Ρ.
1795 2733 1872 2785 Vss,
1907 2740 1954 2778 et

322 2823 414 2852 non
437 2807 690 2850 risoluermi
713 2806 829 2850 insin
852 2808 938 2850 che
961 2808 1098 2850 habbi
1121 2809 1162 2851 la
1191 2809 1395 2865 risposta.
1428 2811 1486 2853 Et
1513 2825 1654 2866 penso
1688 2810 1796 2854 farei
1817 2811 1949 2863 male,

323 2900 372 2930 se
395 2884 532 2929 facesi
554 2883 813 2935 altrimenti,
839 2885 1036 2926 secondo
1059 2885 1099 2926 13
1138 2886 1406 2931 comissione
1435 2889 1521 2932 che
1550 2889 1610 2930 ho
1638 2888 1754 2930 della
1783 2889 1834 2931 Ρ.
1871 2888 1950 2942 V.‚

395 2999 415 3019 a
454 2974 603 3026 Charta'
621 2989 756 3033 scissa,
781 2989 1051 3024 desiderantur
1081 2990 1179 3025 duae
1212 2992 1450 3028 litterae—1³
1478 2995 1585 3031 Haec
1603 2994 1791 3041 particula
1821 2994 1950 3031 addita

324 3056 385 3086 est
403 3061 424 3085 a
444 3049 530 3085 libr.
553 3060 667 3096 supra
686 3060 790 3084 vers,
