2141 3358
611 199 867 234 PROOEMmM
893 207 1033 234 TERTn
1058 207 1285 236 VOLUMINIS
1643 210 1729 237 xvn

136 301 303 360 quibus
317 303 431 345 haec
453 314 697 358 excerpere
721 300 931 344 sufficiat:
964 302 1224 346 «Possiamo
1247 303 1450 346 anchora
1470 309 1515 346 et
1532 302 1774 348 debbiamo

137 388 206 431 dir
235 394 412 443 questo,
452 388 536 429 che
575 384 783 428 uediamo
813 399 893 440 per
930 384 1180 441 sperienza;
1218 387 1302 429 che
1339 387 1365 429 e
1402 385 1657 430 necessario
1687 401 1774 430 con

139 478 298 527 queste
325 468 498 512 nationi
521 466 639 512 usar'
662 469 719 511 de
748 482 860 524 gran
890 467 1199 512 moderatione
1228 476 1273 512 et
1294 468 1611 525 longanimita,
1636 468 1667 511 il
1690 471 1776 515 che

140 553 462 610 specialmente
490 551 527 594 si
555 550 762 595 desidera
784 550 850 594 sia
871 564 1112 606 persuasso
1135 565 1161 593 a
1189 552 1310 604 tutti,
1336 553 1504 608 perche
1527 553 1775 598 realmente

141 651 255 679 sono
273 635 434 693 grandi
458 629 685 678 necessita
715 640 761 677 et
787 632 1010 678 accidenti
1038 648 1118 689 per
1147 641 1306 688 queste
1333 636 1499 688 bande,
1525 638 1610 680 che
1633 637 1773 680 fanno

139 721 223 763 alla
241 733 434 776 persona
451 717 647 761 mouersi
664 731 691 760 a
706 717 1038 774 compassione,
1060 725 1104 760 et
1126 719 1284 761 hauer’
1308 718 1353 761 di
1371 722 1544 762 cercar'
1565 721 1775 776 spedien-

137 803 185 855 ti,
222 817 307 845 con
330 803 505 858 grande
533 800 706 844 charita
737 807 783 843 et
810 800 1161 845 mansuetudine
1189 801 1263 844 nel
1292 801 1503 857 Signore,
1544 817 1673 848 come
1711 806 1773 847 ho

134 887 283 930 detto»
307 885 425 942 (139,
452 885 549 938 146,
587 884 701 940 147).
727 883 1055 928 Monachiense
1082 884 1326 940 collegium
1349 885 1529 938 lustrat,
1561 887 1772 943 augusti—

133 968 295 1011 nianos
321 969 483 1012 fratres
507 966 592 1010 sibi
615 974 660 1010 et
684 966 906 1011 Societati
929 968 1182 1011 benevolos
1205 968 1369 1020 reddit,
1391 967 1590 1012 novitios
1613 970 1669 1012 ab
1692 970 1772 1013 iis—

135 1054 238 1096 dem
264 1058 497 1109 segregat,
523 1050 805 1107 disciplinam
841 1050 1098 1107 religiosam
1127 1051 1337 1107 provehit
1369 1053 1486 1109 (166,
1514 1054 1610 1105 181,
1654 1054 1766 1110 182).

136 1135 519 1193 Ingolstadienses
541 1135 816 1188 consolatur,
852 1135 1096 1192 collegium
1127 1135 1321 1189 ordinat,
1342 1137 1594 1180 libertatem
1613 1137 1772 1183 Socie-

137 1220 241 1263 tatis
264 1220 384 1276 apud
406 1219 598 1262 Eckium
620 1219 823 1263 defendit
847 1220 964 1276 (183,
992 1221 1089 1274 184,
1122 1221 1233 1278 189).
1255 1222 1506 1264 Doctorum
1525 1222 1705 1266 Peltani
1727 1230 1773 1267 et

136 1303 288 1346 Pisani
309 1303 560 1346 discordiae
582 1302 780 1347 remedia
797 1303 986 1347 adhibet
1020 1304 1157 1360 (298).
1193 1303 1491 1360 Dilinganum
1524 1296 1769 1362 collegium

134 1387 331 1443 inspicit,
374 1386 652 1430 fundationis
680 1386 1034 1430 instrumentum
1068 1388 1125 1430 ad
1161 1395 1359 1432 mentem
1394 1388 1772 1433 constitutionum

134 1470 375 1515 Societatis
402 1470 635 1514 reformari
665 1471 893 1528 (185—187,
935 1483 1032 1528 197,
1070 1472 1302 1528 327-330),
1337 1479 1382 1516 et
1414 1473 1657 1529 Augustae
1689 1474 1772 1516 ali—

134 1556 256 1610 quod
284 1553 464 1611 collegii
493 1553 765 1611 principium
793 1554 891 1597 fieri
923 1562 1053 1597 curat
1083 1556 1312 1612 (187-189,
1349 1557 1450 1609 246,
1494 1556 1607 1612 301).
1653 1557 1770 1600 Cum

135 1653 244 1681 vero
277 1637 519 1694 collegium
554 1637 828 1694 Oenipontis
860 1652 951 1680 non
983 1639 1101 1683 bene
1133 1640 1416 1695 procederet,
1453 1647 1548 1683 tum
1582 1641 1773 1684 rectoris

137 1722 290 1775 Dirsii,
317 1729 413 1764 turn
436 1720 629 1764 ministri
652 1722 834 1766 Hoffaei
861 1736 1015 1776 causa,
1047 1723 1241 1765 multum
1273 1722 1335 1765 ibi
1368 1723 1583 1767 insudare
1614 1724 1773 1767 debuit

138 1805 328 1858 Natalis,
364 1813 414 1847 ut
444 1819 591 1847 novus
622 1812 770 1848 rector
792 1805 1055 1862 eligeretur,
1082 1813 1127 1850 et
1150 1806 1263 1850 aliae
1286 1821 1358 1850 res
1380 1808 1562 1864 collegii
1585 1808 1642 1851 ad
1664 1822 1772 1851 nor-

139 1904 256 1932 mam
280 1895 535 1931 nostrarum
563 1887 917 1942 institutionum,
953 1889 1051 1934 sine
1080 1890 1341 1947 reginarum
1370 1891 1620 1936 offensione
1650 1891 1774 1934 ordi—

136 1979 353 2017 narentur
376 1972 607 2028 (274-277,
635 1983 736 2029 279,
764 1973 865 2026 285,
893 1985 995 2030 291,
1021 1974 1127 2029 etc.)

224 2057 480 2100 AUSTRIAE
504 2069 564 2098 ET
588 2057 849 2098 ΒΟΗΕΜΙΑΕ
886 2057 1096 2113 collegia,
1130 2072 1155 2100 a
1184 2056 1257 2101 die
1288 2069 1342 2111 27
1365 2057 1473 2115 Julii
1503 2058 1560 2101 ad
1588 2058 1772 2101 ultimos

133 2140 228 2184 dies
251 2139 530 2196 Septembris
553 2138 712 2181 eodem
736 2153 856 2182 anno
887 2141 998 2194 1566
1026 2140 1179 2184 invisit
1202 2141 1376 2184 Natalis
1400 2142 1632 2198 <236-238,
1666 2152 1768 2196 255,

135 2225 252 2280 256);
284 2237 370 2268 nec
399 2223 497 2267 sine
525 2222 743 2279 gravibus
765 2222 978 2279 periculis
1010 2224 1274 2268 Danuvium
1307 2226 1477 2270 flumen
1509 2225 1773 2282 enavigavit

135 2309 252 2365 (198,
279 2318 381 2361 207,
409 2305 526 2362 208),
558 2316 602 2349 et
625 2321 705 2361 per
741 2306 990 2350 Moraviam
1019 2307 1326 2364 finitimasque
1354 2308 1582 2365 regiones,
1617 2308 1773 2350 militi-

137 2392 224 2434 bus
246 2405 413 2446 magna
435 2404 490 2432 ex
512 2396 641 2444 parte
662 2388 902 2433 haereticis
936 2391 1213 2446 frequentes,
1248 2392 1387 2448 longa
1410 2391 1572 2436 itinera
1593 2391 1776 2448 peregit

139 2474 271 2531 (256).
296 2473 615 2518 Vindobonam
638 2472 848 2528 pervenit
869 2473 942 2516 die
964 2485 1019 2528 27
1036 2474 1162 2532 Julii,
1187 2474 1341 2531 ibique
1370 2483 1590 2519 consueta
1618 2474 1776 2531 inspe-

138 2558 299 2601 ctionis
321 2537 569 2600 ministeria
585 2555 741 2608 obivit,
762 2557 995 2612 multaque
1012 2558 1242 2614 praeclare
1260 2558 1498 2602 constituit
1521 2559 1561 2616 (2
1568 2559 1676 2613 56-2
1683 2558 1770 2614 58),

137 2641 332 2697 indeque
363 2639 589 2696 proficisci
620 2645 840 2683 statuerat
874 2653 924 2683 12
957 2642 1177 2698 Augusti;
1213 2643 1293 2685 sed
1316 2642 1400 2686 iter
1428 2642 1475 2684 in
1504 2648 1772 2697 sequentem

137 2723 254 2768 diem
272 2724 453 2767 differre
471 2729 656 2765 coactus
673 2729 758 2775 est,
774 2724 830 2765 ob
849 2722 1131 2780 imperatoris
1149 2739 1401 2781 egressum,
1424 2725 1500 2781 qui
1519 2739 1621 2768 cum
1641 2738 1775 2768 exer-

135 2806 229 2849 citu
260 2806 306 2849 in
330 2805 616 2862 Hungariam
640 2819 689 2848 se
713 2806 979 2850 conferebat
1003 2809 1252 2866 (213-215).
1278 2810 1388 2853 Inde
1411 2808 1669 2853 Tirnaviam
1692 2822 1774 2863 pe-

140 2889 208 2942 tit,
240 2905 312 2934 res
340 2889 520 2946 collegii
551 2889 597 2932 in
634 2889 837 2933 ordinem
875 2891 1058 2948 redigit,
1099 2899 1414 2948 rectoremque
1444 2895 1629 2937 Petrum
1654 2893 1775 2934 Her-

140 2975 266 3028 nath,
299 2975 508 3017 Hurtado
543 2974 686 3015 Perez
724 2973 975 3029 substituit,
1017 2976 1235 3032 huncque
1273 2975 1466 3033 collegio
1495 2974 1776 3018 olomucensi

326 3061 439 3090 Emsr.
460 3061 498 3090 P.
520 3061 656 3096 NADAL,
677 3067 756 3089 τοΜ.
781 3061 844 3089 ΙΙΙ.
