2101 3348
806 223 828 258 4
854 213 955 256 MAJr
983 213 1075 258 1566
1660 213 1706 258 93

206 318 340 372 Resp.
398 315 542 358 Multa
560 314 741 369 quidem
760 313 927 370 requiri
947 314 1176 366 uidentur,
1192 314 1455 370 priusquam
1465 315 1521 358 ad
1532 321 1752 371 protesta-

123 394 288 437 tionem
312 391 567 436 necessario
590 391 816 444 ueniatur;
838 406 927 446 qua
944 391 1007 433 illi
1024 407 1133 435 sane
1150 391 1373 447 grauandi
1391 399 1436 436 et
1453 391 1753 435 contristandi

124 485 216 514 non
237 475 402 519 essent,
429 468 506 523 qui
523 468 771 511 catholicae
789 467 1024 524 religionis
1042 469 1199 510 hostes
1217 469 1291 512 uel
1308 469 1563 513 desertores
1581 484 1630 513 se
1652 484 1752 514 esse

125 561 214 590 non
236 553 388 602 aperte
409 545 655 588 declarant.
681 544 858 588 Deinde
881 559 973 586 non
995 545 1248 588 necessaria
1270 544 1451 588 uidetur
1468 546 1750 602 protestatio,

124 624 161 667 si
182 622 320 679 legati
338 621 526 665 offitium
544 628 819 677 spectemus,
840 621 977 664 modo
995 620 1140 664 amica
1157 622 1367 676 quadam,
1388 629 1467 664 aut
1483 623 1618 665 etiam
1637 623 1754 667 seria

122 698 487 751 commonitione,
510 700 583 741 uel
601 705 789 754 paterna
811 697 1182 752 conquaestione,
1203 697 1322 740 flecti
1339 708 1524 754 possent
1542 700 1678 743 animi
1695 701 1752 743 ad

118 776 441 834 professionem
464 775 639 830 concilij
682 773 913 818 tridentini
952 774 1252 818 sufficientem
1282 774 1602 819 exhibendam.
1630 778 1747 820 Tum

120 868 225 898 uero
242 853 497 897 necessaria
514 852 656 896 videri
676 858 827 908 posset
847 853 960 895 haec
978 851 1261 907 protestatio,
1282 851 1319 894 si
1338 852 1547 894 catholici
1571 855 1751 896 confes—

120 931 291 975 sionem
331 937 633 986 augustanam
672 929 818 985 palam
857 935 1162 984 acceptarent,
1196 935 1275 970 aut
1301 928 1473 970 dictum
1512 930 1751 972 concilium

120 1008 427 1064 reprobarent3
455 1008 527 1050 uel
551 1007 708 1050 saltem
732 1007 857 1049 nulla
878 1005 1052 1050 ratione
1074 1006 1435 1062 comprobarent.

784 1138 839 1182 7.³
867 1145 1078 1179 QUAEsno

204 1242 280 1285 An
319 1241 376 1284 sit
405 1239 670 1296 protestatio
706 1240 859 1296 legato
896 1237 1172 1290 necessaria,
1209 1225 1429 1294 quoniam*
1454 1239 1657 1294 pontifex
1688 1239 1751 1282 ita

121 1318 369 1371 mandauit,
401 1318 438 1361 si
465 1317 674 1362 venietur
701 1318 758 1360 ad
790 1331 1017 1361 recessum
1051 1317 1124 1360 uel
1156 1315 1494 1359 conclusionem
1533 1316 1747 1372 aliquam,

118 1410 232 1451 quae
254 1395 531 1452 praeiudicet
554 1394 744 1438 concilio
775 1393 1035 1445 tridentino,
1062 1393 1212 1448 quoad
1234 1393 1468 1449 dogmata?

201 1475 336 1529 Resp.
404 1473 668 1523 Mandatum
707 1474 791 1514 hoc
829 1470 1056 1527 pontificis
1093 1471 1263 1513 nullam
1301 1469 1634 1523 necessitatem,
1673 1472 1748 1514 uel

114 1550 454 1606 obligationem,
481 1549 658 1592 adferre
680 1548 859 1592 videtur
876 1548 932 1591 ad
949 1547 1323 1604 protestationem
1346 1549 1433 1590 hoc
1452 1554 1654 1603 tempore
1676 1549 1746 1591 fa—

115 1627 333 1679 ciendam,
360 1627 448 1669 imo
471 1627 620 1682 potius
643 1625 878 1682 impedire,
904 1639 1007 1668 cum
1031 1639 1260 1669 recessum
1284 1625 1475 1668 concilio
1499 1625 1748 1669 tridentino

116 1704 436 1760 praeiudicare,
463 1711 684 1759 quantum
708 1704 764 1746 ad
785 1704 1018 1760 dogmata,
1044 1717 1136 1745 non
1159 1709 1335 1745 constet
1358 1718 1412 1746 ex
1435 1717 1618 1746 recessu
1640 1703 1746 1746 anni

119 1792 188 1836 55,
213 1781 302 1826 Sed
325 1783 380 1824 de
411 1782 564 1824 futuro
593 1795 775 1825 recessu
804 1781 978 1823 nullum
1008 1786 1156 1836 potest
1179 1794 1301 1822 nunc
1333 1788 1506 1824 certum
1535 1780 1746 1824 iuditium

116 1858 235 1901 ferri.

780 1988 835 2024 8.³
862 1995 1072 2030 QUAESTIO

199 2092 275 2134 An
297 2091 354 2134 sit
378 2091 499 2134 utilis
522 2093 635 2134 haec
657 2089 944 2147 protestatio?

196 2169 331 2224 Resp.
379 2168 512 2212 Utilis
531 2183 630 2212 esse
643 2174 811 2224 posset,
832 2167 869 2210 si
887 2183 942 2211 ex
953 2166 1208 2210 necessaria
1226 2181 1364 2209 causa
1377 2165 1579 2222 legitime
1594 2167 1740 2220 fieret,

112 2245 322 2300 nullaque
344 2252 638 2302 suppeterent
655 2245 741 2288 alia
758 2244 905 2289 media
921 2244 1146 2300 principes
1165 2243 1410 2287 catholicos
1428 2245 1485 2286 ad
1511 2243 1743 2286 tridentini

114 2322 286 2377 concilij
316 2323 451 2366 fidem
480 2330 525 2366 et
553 2322 878 2378 professionem
908 2320 1179 2365 adducendi.
1213 2322 1347 2364 Nunc
1379 2335 1487 2363 uero
1516 2336 1587 2364 res
1617 2320 1662 2363 in
1686 2335 1742 2365 eo

113 2404 231 2441 statu
254 2400 422 2443 uersari
443 2399 638 2453 videtur,
663 2400 804 2442 2751-
827 2407 876 2441 ut
901 2399 1041 2441 multa
1063 2398 1346 2440 incommoda
1374 2404 1418 2441 et
1446 2398 1605 2454 grauia
1622 2397 1741 2453 peri—

113 2476 212 2519 cula
229 2492 284 2520 ex
305 2478 389 2520 hac
411 2476 735 2533 protestatione
757 2484 1095 2531 consequutura
1118 2489 1219 2518 esse
1242 2474 1371 2518 facile
1389 2474 1447 2517 sit
1465 2474 1737 2530 prospicere,

111 2552 318 2596 nimirum
340 2555 398 2598 N.
425 2562 469 2599 et
487 2553 687 2597 omnium
705 2560 905 2596 statuum
928 2552 1223 2596 insanabilem
1241 2551 1559 2605 defectionem,
1583 2554 1741 2595 catho—

109 2628 293 2672 licorum
316 2631 675 2686 oppressionem,
701 2637 986 2687 augustanae
1008 2629 1308 2672 confessionis
1331 2629 1737 2681 confirmationem,

107 2705 316 2759 breuiter,
342 2709 704 2763 germanicarum
726 2707 1021 2751 ecclesiarum
1044 2707 1345 2750 miserabilem
1369 2706 1669 2760 euersionem,
1690 2713 1741 2748 ut

113 2782 280 2838 reliqua
302 2784 586 2829 incommoda
609 2792 961 2841 praetereamus.

195 2861 261 2903 Ex
283 2861 448 2916 quibus
472 2862 682 2905 omnibus
706 2861 898 2918 intelligi
927 2861 1060 2904 facile
1081 2867 1246 2917 potest,
1279 2860 1388 2915 quid
1415 2860 1461 2902 in
1491 2874 1585 2902 rem
1610 2874 1740 2915 prae-

112 2943 300 2989 sentem,
326 2944 422 2980 tum
447 2939 793 2991 consulendum,
826 2945 922 2980 tum
945 2937 1294 2982 desiderandum
1324 2944 1368 2980 et
1397 2937 1737 2986 elaborandum,

114 3012 304 3056 maxime
325 3013 548 3057 uideatur.
578 3015 779 3059 Primum
802 3015 1002 3070 quidem,
1028 3030 1084 3058 ne
1106 3016 1163 3058 ad
1186 3013 1343 3057 ultima
1366 3012 1562 3057 remedia
1590 3011 1740 3055 statim
