2101 3348
365 216 410 254 92
886 207 1025 241 EPIST.
1052 204 1096 239 P.
1124 203 1397 248 NADAL—384

315 308 723 354 ecclesiasticorum
741 305 950 350 manibus
972 306 1217 358 firmatum,
1242 306 1317 350 uel
1344 320 1424 362 per
1455 305 1693 362 epistolam
1717 305 1772 348 ab
1796 304 1956 361 ijsdem

319 386 376 428 ad
397 399 624 428 summum
643 383 905 440 pontificem
923 383 1091 435 datam,
1112 389 1325 427 constare
1342 389 1513 439 posset.
1537 382 1674 438 Quod
1691 382 1729 424 si
1748 382 1957 425 catholici

321 463 489 505 nullam
511 461 695 504 omnino
716 460 853 503 huius
875 459 1052 515 concilij
1079 459 1359 504 mentionem
1386 459 1745 515 interponerent,
1770 474 1865 502 non
1886 459 1957 501 vi-

321 540 479 582 demus
497 539 722 594 quomodo
744 536 966 590 excusari,
993 544 1037 581 et
1059 552 1085 580 a
1108 537 1239 593 graui
1269 537 1519 593 suspitione
1555 535 1735 580 liberari
1763 536 1952 592 possint;

321 616 502 671 quando
525 629 674 670 neque
695 614 742 657 in
759 629 942 659 recessu
960 614 1073 670 ipso,
1099 629 1248 670 neque
1264 613 1310 657 in
1333 620 1564 657 conuentu
1581 612 1852 670 principum,
1875 627 1957 656 ne-

321 706 408 747 que
430 693 552 748 apud
573 707 741 748 paucos
763 692 963 747 quidem,
983 692 1198 748 dogmata
1220 691 1396 747 concilij
1417 690 1617 747 profiteri
1636 690 1793 743 uelint,
1813 697 1863 732 ut
1885 705 1958 734 re-

320 769 501 826 ligionis
530 784 639 814 suae
673 769 980 813 testimonium
1017 770 1103 812 hoc
1127 777 1328 824 tempore
1350 775 1395 811 et
1412 770 1528 821 loco,
1554 768 1601 810 in
1631 769 1728 811 foro
1751 767 1962 812 exteriori

319 848 563 902 proferant3
590 847 853 903 praesertim
878 861 982 890 cum
1005 847 1135 890 aliter
1152 846 1358 902 pontifici
1376 846 1572 889 maximo
1590 853 1635 889 et
1653 845 1870 889 ecclesiae
1889 859 1961 887 sa-

323 924 548 978 tisfacere,
575 932 620 969 et
642 924 938 981 suspitionem
969 925 1121 969 eluere
1143 939 1236 967 non
1264 924 1452 980 possint.
1486 924 1648 978 Neque
1672 930 1823 967 tamen
1855 937 1960 978 pro-

321 1008 490 1057 pterea,
507 1001 681 1045 etiamsi
698 1001 1157 1046 nullam'mentionem
1172 1001 1527 1057 interponerent,
1543 1001 1598 1043 ad
1615 999 1839 1056 publicam
1857 1014 1962 1055 pro-

324 1078 610 1122 testationem
639 1079 977 1123 deueniendum·
1006 1079 1266 1128 suademus,
1292 1077 1390 1121 sine
1412 1077 1638 1134 pontificis
1661 1091 1782 1119 nouo
1809 1083 1855 1121 et
1884 1091 1965 1120 ex-

330 1170 488 1211 presso
512 1156 741 1200 mandato.

400 1285 550 1324 zuv.
1001 1286 1055 1328 4,.ὃ
1081 1294 1291 1337 QUAEsrio

416 1378 492 1420 An
521 1377 748 1420 confessio
777 1383 1035 1433 augustana
1072 1391 1151 1432 per
1188 1378 1311 1419 hunc
1348 1389 1577 1420 recessum
1605 1375 1870 1418 confirmata
1892 1373 1962 1415 vi-

330 1455 511 1497 deatur?

417 1533 551 1587 Resp.
619 1533 685 1574 Re
713 1545 823 1576 uera
851 1545 942 1574 non
964 1532 1258 1574 confirmatur
1280 1538 1434 1587 aperte
1457 1546 1482 1574 a
1504 1529 1738 1574 catholicis
1758 1529 1833 1572 illa
1856 1543 1967 1571 con-

328 1608 477 1661 fessio,
500 1623 614 1664 quae
633 1610 688 1651 ab
712 1608 965 1661 haereticis,
988 1608 1107 1651 sicut
1126 1623 1204 1664 per
1221 1608 1312 1650 vim
1331 1609 1521 1659 intrusa,
1542 1607 1606 1650 sic
1626 1609 1847 1650 hactenus
1866 1619 1967 1648 sce-

325 1686 464 1729 lerate
482 1687 666 1730 defensa
689 1693 772 1739 est3
803 1692 848 1730 et
870 1687 927 1729 ob
959 1685 1255 1729 sectariorum
1278 1685 1527 1742 potentiam
1551 1700 1576 1728 a
1604 1683 1840 1728 catholicis
1871 1697 1962 1726 non

328 1763 474 1818 potuit
502 1763 758 1819 prohiberi,
799 1763 1042 1818 quominus
1070 1778 1096 1806 a
1124 1763 1275 1806 multis
1314 1763 1606 1819 reciperetur.
1637 1763 1750 1804 sslud
1778 1760 1961 1816 quidem

328 1854 485 1882 uerum
508 1848 591 1894 est,
618 1840 1030 1897 praesumptionem
1054 1847 1099 1885 et
1121 1840 1419 1897 suspitionem
1449 1855 1549 1885 esse
1578 1854 1785 1896 grauem,
1819 1838 1856 1881 si
1885 1852 1965 1881 ca-

327 1917 479 1960 tholici
502 1916 626 1961 nullo
656 1925 788 1974 pacto
817 1917 1050 1960 tridentini
1079 1918 1255 1974 concilij
1288 1918 1565 1963 mentionem
1598 1917 1746 1960 facere
1774 1916 1961 1959 uellent.

1002 2032 1056 2076 5.“
1082 2039 1293 2073 QUAEsno

412 2109 489 2156 An
527 2108 744 2152 haeretici
781 2109 1017 2164 censendi,
1059 2109 1135 2164 qui
1174 2116 1521 2161 consenserunt,
1555 2106 1754 2152 recessui
1795 2105 1968 2149 scilicet

330 2184 604 2240 supradicto,
632 2185 704 2227 uel
727 2185 1034 2238 consentiunt,
1067 2186 1332 2242 praesertim
1355 2191 1457 2242 post
1489 2184 1730 2227 concilium
1761 2183 1968 2226 tridenti-

333 2276 443 2304 num
467 2260 554 2303 iam
578 2261 778 2304 editum?

417 2340 553 2394 Resp.
581 2338 810 2383 Haeretici
833 2339 1048 2384 censendi
1070 2339 1331 2382 huiusmodi
1354 2354 1445 2381 non
1468 2338 1697 2392 uidentur,
1724 2337 1800 2394 qui
1831 2344 1965 2381 antea

329 2414 526 2459 recessui
564 2423 909 2468 consenserunt,
952 2417 1025 2460 uel
1062 2431 1184 2459 nunc
1216 2418 1331 2459 forte
1360 2415 1662 2468 consentient,
1696 2414 1832 2457 etiam
1864 2421 1966 2469 post

327 2492 499 2536 editum
527 2491 785 2535 concilium.
828 2493 1209 2548 Quandoquidem
1247 2493 1359 2536 nihil
1397 2492 1653 2536 confirmari
1687 2492 1894 2534 videmus
1918 2490 1965 2534 in

326 2584 380 2613 eo
398 2583 596 2622 recessu,
618 2569 740 2625 quod
762 2577 915 2625 aperte
937 2584 1041 2612 cum
1066 2570 1170 2614 fidei
1193 2570 1485 2627 dogmatibus
1508 2576 1700 2626 pugnet.
1724 2570 1779 2611 Et
1803 2568 1839 2611 si
1858 2567 1966 2623 quid

326 2646 372 2687 in
394 2648 480 2689 hoc
505 2661 703 2700 recessu,
724 2654 908 2703 recepto
933 2648 1006 2691 uel
1024 2648 1298 2704 recipiendo,
1319 2655 1556 2704 peccatum
1573 2653 1709 2700 esset,
1731 2646 1836 2689 licet
1859 2659 1968 2701 pec-

322 2730 478 2765 cantes
502 2723 700 2779 suspecti
725 2724 888 2777 forent,
922 2738 1013 2767 non
1047 2732 1198 2769 tamen
1227 2724 1442 2769 haeretici
1471 2725 1605 2781 plane
1635 2730 1788 2767 essent
1811 2721 1968 2766 existi—

327 2799 499 2852 mandi,
527 2800 613 2843 nisi
640 2815 686 2844 re
709 2807 834 2845 certo
857 2802 1105 2857 explorata.

1004 2913 1059 2949 6.²
1086 2921 1297 2956 QUAESTIO

420 2995 495 3038 An
518 2974 774 3041 necessaria
795 2996 1004 3041 videatur
1025 2997 1290 3054 protestatio
1313 3004 1496 3054 propter
1516 2996 1707 3040 offitium
1729 2993 1890 3051 legati?
