<?xml version="1.0" encoding="UTF-8"?>
<!DOCTYPE html PUBLIC "-//W3C//DTD XHTML 1.0 Transitional//EN"
    "http://www.w3.org/TR/xhtml1/DTD/xhtml1-transitional.dtd">
<html xmlns="http://www.w3.org/1999/xhtml" xml:lang="en" lang="en">
 <head>
  <title>
</title>
<meta http-equiv="Content-Type" content="text/html;charset=utf-8" />
  <meta name='ocr-system' content='tesseract 3.04.00' />
  <meta name='ocr-capabilities' content='ocr_page ocr_carea ocr_par ocr_line ocrx_word'/>
</head>
<body>
  <div class='ocr_page' id='page_1' title='image "./epistolaephieron10nada_0853.png"; bbox 0 0 2101 3348; ppageno 0'>
   <div class='ocr_carea' id='block_1_1' title="bbox 809 185 1686 223">
    <p class='ocr_par' dir='ltr' id='par_1_1' title="bbox 809 185 1686 223">
     <span class='ocr_line' id='line_1_1' title="bbox 809 185 1686 223; baseline 0.003 -3"><span class='ocrx_word' id='word_1_1' title='bbox 809 185 1030 221; x_wconf 81' lang='lat' dir='ltr'>APPEme</span> <span class='ocrx_word' id='word_1_2' title='bbox 1613 187 1686 223; x_wconf 87' lang='lat'>813</span> 
     </span>
    </p>
   </div>
   <div class='ocr_carea' id='block_1_2' title="bbox 97 286 1733 462">
    <p class='ocr_par' dir='ltr' id='par_1_2' title="bbox 97 286 1733 462">
     <span class='ocr_line' id='line_1_2' title="bbox 98 286 1731 348; baseline 0.002 -19"><span class='ocrx_word' id='word_1_3' title='bbox 98 286 226 330; x_wconf 88' lang='lat' dir='ltr'>fratri</span> <span class='ocrx_word' id='word_1_4' title='bbox 265 286 312 329; x_wconf 92' lang='lat' dir='ltr'>in</span> <span class='ocrx_word' id='word_1_5' title='bbox 341 287 526 330; x_wconf 87' lang='lat' dir='ltr'>Christo</span> <span class='ocrx_word' id='word_1_6' title='bbox 553 287 822 331; x_wconf 88' lang='lat' dir='ltr'>charissimo</span> <span class='ocrx_word' id='word_1_7' title='bbox 859 294 904 331; x_wconf 92' lang='lat' dir='ltr'>et</span> <span class='ocrx_word' id='word_1_8' title='bbox 940 289 1220 332; x_wconf 85' lang='lat' dir='ltr'>honorando.</span> <span class='ocrx_word' id='word_1_9' title='bbox 1261 290 1369 331; x_wconf 79' lang='lat' dir='ltr'>Alia</span> <span class='ocrx_word' id='word_1_10' title='bbox 1406 302 1564 332; x_wconf 79' lang='lat' dir='ltr'>manu:</span> <span class='ocrx_word' id='word_1_11' title='bbox 1602 291 1731 348; x_wconf 82' lang='lat'>1569.</span> 
     </span>
     <span class='ocr_line' id='line_1_3' title="bbox 97 346 1733 462; baseline 0.002 -74"><span class='ocrx_word' id='word_1_12' title='bbox 97 346 374 462; x_wconf 36' lang='lat' dir='ltr'>nglsgiffiengh.</span> <span class='ocrx_word' id='word_1_13' title='bbox 427 346 640 390; x_wconf 84' lang='lat' dir='ltr'>Cardinal</span> <span class='ocrx_word' id='word_1_14' title='bbox 688 347 967 392; x_wconf 87' lang='lat' dir='ltr'>warmiense.</span> <span class='ocrx_word' id='word_1_15' title='bbox 1027 360 1072 391; x_wconf 89' lang='grc' dir='ltr'>ΙΙ</span> <span class='ocrx_word' id='word_1_16' title='bbox 1119 347 1164 390; x_wconf 91' lang='lat' dir='ltr'>di</span> <span class='ocrx_word' id='word_1_17' title='bbox 1206 348 1412 405; x_wconf 83' lang='lat' dir='ltr'>Giugno.</span> <span class='ocrx_word' id='word_1_18' title='bbox 1458 350 1616 407; x_wconf 68' lang='lat' dir='ltr'>Sz‘gilli</span> <span class='ocrx_word' id='word_1_19' title='bbox 1656 365 1733 392; x_wconf 82' lang='lat' dir='ltr'>ve-</span> 
     </span>
    </p>
   </div>
   <div class='ocr_carea' id='block_1_3' title="bbox 634 522 1186 647">
    <p class='ocr_par' dir='ltr' id='par_1_3' title="bbox 634 522 1186 647">
     <span class='ocr_line' id='line_1_4' title="bbox 829 522 996 564; baseline -0.006 0"><span class='ocrx_word' id='word_1_20' title='bbox 829 522 996 564; x_wconf 92' lang='lat' dir='ltr'>LXXII</span> 
     </span>
     <span class='ocr_line' id='line_1_5' title="bbox 634 609 1186 647; baseline 0.004 -4"><span class='ocrx_word' id='word_1_21' title='bbox 634 609 678 643; x_wconf 86' lang='lat' dir='ltr'>B.</span> <span class='ocrx_word' id='word_1_22' title='bbox 704 609 912 645; x_wconf 90' lang='lat' dir='ltr'>PETRUS</span> <span class='ocrx_word' id='word_1_23' title='bbox 939 609 1186 647; x_wconf 88' lang='lat' dir='ltr'>CANISIUS</span> 
     </span>
    </p>
   </div>
   <div class='ocr_carea' id='block_1_4' title="bbox 461 698 1371 833">
    <p class='ocr_par' dir='ltr' id='par_1_4' title="bbox 461 698 1371 833">
     <span class='ocr_line' id='line_1_6' title="bbox 461 698 1371 741; baseline 0.003 -13"><span class='ocrx_word' id='word_1_24' title='bbox 461 698 673 729; x_wconf 88' lang='lat' dir='ltr'>SANCTO</span> <span class='ocrx_word' id='word_1_25' title='bbox 722 700 1034 731; x_wconf 86' lang='lat' dir='ltr'>FRANCISCO</span> <span class='ocrx_word' id='word_1_26' title='bbox 1082 702 1150 731; x_wconf 89' lang='lat' dir='ltr'>DE</span> <span class='ocrx_word' id='word_1_27' title='bbox 1198 702 1371 741; x_wconf 85' lang='lat' dir='ltr'>BORJA</span> 
     </span>
     <span class='ocr_line' id='line_1_7' title="bbox 583 774 1228 833; baseline 0.005 -16"><span class='ocrx_word' id='word_1_28' title='bbox 583 774 813 830; x_wconf 80' lang='lat' dir='ltr'>Dilingae,</span> <span class='ocrx_word' id='word_1_29' title='bbox 840 787 893 829; x_wconf 83' lang='lat'>23</span> <span class='ocrx_word' id='word_1_30' title='bbox 911 775 1035 832; x_wconf 91' lang='lat' dir='ltr'>Junii</span> <span class='ocrx_word' id='word_1_31' title='bbox 1064 777 1174 833; x_wconf 83' lang='grc' dir='ltr'>Ι569</span> <span class='ocrx_word' id='word_1_32' title='bbox 1201 779 1228 819; x_wconf 90' lang='lat'>¹.</span> 
     </span>
    </p>
   </div>
   <div class='ocr_carea' id='block_1_5' title="bbox 93 863 1731 971">
    <p class='ocr_par' dir='ltr' id='par_1_5' title="bbox 93 863 1731 971">
     <span class='ocr_line' id='line_1_8' title="bbox 93 863 1728 909; baseline 0.001 -10"><span class='ocrx_word' id='word_1_33' title='bbox 93 863 253 899; x_wconf 79' lang='lat' dir='ltr'>Natalis</span> <span class='ocrx_word' id='word_1_34' title='bbox 292 864 490 899; x_wconf 77' lang='lat' dir='ltr'>sententia</span> <span class='ocrx_word' id='word_1_35' title='bbox 529 863 760 909; x_wconf 79' lang='lat' dir='ltr'><em>exquiritur</em></span> <span class='ocrx_word' id='word_1_36' title='bbox 804 864 851 898; x_wconf 83' lang='lat' dir='ltr'>de</span> <span class='ocrx_word' id='word_1_37' title='bbox 890 864 1052 898; x_wconf 82' lang='lat' dir='ltr'><strong><em>edendis</em></strong></span> <span class='ocrx_word' id='word_1_38' title='bbox 1090 865 1132 899; x_wconf 80' lang='lat' dir='ltr'>in</span> <span class='ocrx_word' id='word_1_39' title='bbox 1174 866 1308 900; x_wconf 82' lang='lat' dir='ltr'>eodem</span> <span class='ocrx_word' id='word_1_40' title='bbox 1351 865 1451 900; x_wconf 71' lang='lat' dir='ltr'>libro</span> <span class='ocrx_word' id='word_1_41' title='bbox 1494 864 1651 900; x_wconf 73' lang='lat' dir='ltr'>Canisii</span> <span class='ocrx_word' id='word_1_42' title='bbox 1690 869 1728 901; x_wconf 80' lang='lat' dir='ltr'>et</span> 
     </span>
     <span class='ocr_line' id='line_1_9' title="bbox 143 922 1731 971; baseline 0.001 -13"><span class='ocrx_word' id='word_1_43' title='bbox 143 923 343 958; x_wconf 73' lang='lat' dir='ltr'>Turriani</span> <span class='ocrx_word' id='word_1_44' title='bbox 373 923 621 958; x_wconf 78' lang='lat' dir='ltr'>tractatibus.</span> <span class='ocrx_word' id='word_1_45' title='bbox 654 922 830 958; x_wconf 76' lang='lat' dir='ltr'><strong><em>Litteras</em></strong></span> <span class='ocrx_word' id='word_1_46' title='bbox 859 923 1014 958; x_wconf 77' lang='lat' dir='ltr'>indicas</span> <span class='ocrx_word' id='word_1_47' title='bbox 1045 924 1123 959; x_wconf 80' lang='lat' dir='ltr'>cilo</span> <span class='ocrx_word' id='word_1_48' title='bbox 1152 925 1302 959; x_wconf 77' lang='lat' dir='ltr'>absolvi</span> <span class='ocrx_word' id='word_1_49' title='bbox 1331 928 1367 960; x_wconf 78' lang='lat' dir='ltr'>et</span> <span class='ocrx_word' id='word_1_50' title='bbox 1392 925 1508 971; x_wconf 74' lang='lat' dir='ltr'>prelo</span> <span class='ocrx_word' id='word_1_51' title='bbox 1532 925 1731 960; x_wconf 81' lang='lat' dir='ltr'><em>committi</em></span> 
     </span>
    </p>
   </div>
   <div class='ocr_carea' id='block_1_6' title="bbox 138 985 313 1030">
    <p class='ocr_par' dir='ltr' id='par_1_6' title="bbox 138 985 313 1030">
     <span class='ocr_line' id='line_1_10' title="bbox 138 985 313 1030; baseline -0.017 -11"><span class='ocrx_word' id='word_1_52' title='bbox 138 985 313 1030; x_wconf 78' lang='lat' dir='ltr'>exoptat.</span> 
     </span>
    </p>
   </div>
   <div class='ocr_carea' id='block_1_7' title="bbox 89 1059 1723 1888">
    <p class='ocr_par' dir='ltr' id='par_1_7' title="bbox 93 1059 1723 1412">
     <span class='ocr_line' id='line_1_11' title="bbox 261 1059 1723 1118; baseline 0.002 -13.852"><span class='ocrx_word' id='word_1_53' title='bbox 261 1060 310 1105; x_wconf 86' lang='lat' dir='ltr'>Si</span> <span class='ocrx_word' id='word_1_54' title='bbox 335 1059 440 1103; x_wconf 86' lang='lat' dir='ltr'>velit</span> <span class='ocrx_word' id='word_1_55' title='bbox 461 1060 623 1103; x_wconf 79' lang='lat' dir='ltr'>excudi</span> <span class='ocrx_word' id='word_1_56' title='bbox 646 1060 864 1116; x_wconf 84' lang='lat' dir='ltr'>reliquam</span> <span class='ocrx_word' id='word_1_57' title='bbox 893 1067 1066 1116; x_wconf 84' lang='lat' dir='ltr'>partem</span> <span class='ocrx_word' id='word_1_58' title='bbox 1098 1062 1143 1104; x_wconf 90' lang='lat' dir='ltr'>in</span> <span class='ocrx_word' id='word_1_59' title='bbox 1172 1062 1401 1106; x_wconf 87' lang='lat' dir='ltr'>centurias</span> <span class='ocrx_word' id='word_1_60' title='bbox 1428 1070 1632 1118; x_wconf 87' lang='lat' dir='ltr'>paratam</span> <span class='ocrx_word' id='word_1_61' title='bbox 1666 1064 1723 1107; x_wconf 83' lang='lat' dir='ltr'>de</span> 
     </span>
     <span class='ocr_line' id='line_1_12' title="bbox 93 1119 1723 1178; baseline 0.002 -15"><span class='ocrx_word' id='word_1_62' title='bbox 93 1120 248 1177; x_wconf 88' lang='lat' dir='ltr'>primis</span> <span class='ocrx_word' id='word_1_63' title='bbox 270 1119 576 1175; x_wconf 88' lang='lat' dir='ltr'>pontificibus,</span> <span class='ocrx_word' id='word_1_64' title='bbox 603 1121 796 1163; x_wconf 82' lang='lat' dir='ltr'>fortasse</span> <span class='ocrx_word' id='word_1_65' title='bbox 818 1121 1075 1163; x_wconf 85' lang='lat' dir='ltr'>consultum</span> <span class='ocrx_word' id='word_1_66' title='bbox 1101 1121 1249 1173; x_wconf 87' lang='lat' dir='ltr'>fuerit,</span> <span class='ocrx_word' id='word_1_67' title='bbox 1273 1129 1322 1164; x_wconf 87' lang='lat' dir='ltr'>ut</span> <span class='ocrx_word' id='word_1_68' title='bbox 1343 1137 1443 1166; x_wconf 89' lang='lat' dir='ltr'>meo</span> <span class='ocrx_word' id='word_1_69' title='bbox 1465 1122 1632 1178; x_wconf 89' lang='lat' dir='ltr'>scripto</span> <span class='ocrx_word' id='word_1_70' title='bbox 1649 1122 1723 1166; x_wconf 80' lang='lat' dir='ltr'>illa</span> 
     </span>
     <span class='ocr_line' id='line_1_13' title="bbox 96 1179 1723 1235; baseline 0.001 -12"><span class='ocrx_word' id='word_1_71' title='bbox 96 1179 453 1235; x_wconf 82' lang='lat' dir='ltr'>conjungantur,</span> <span class='ocrx_word' id='word_1_72' title='bbox 486 1186 642 1235; x_wconf 78' lang='lat' dir='ltr'>utpote</span> <span class='ocrx_word' id='word_1_73' title='bbox 671 1193 773 1222; x_wconf 90' lang='lat' dir='ltr'>cum</span> <span class='ocrx_word' id='word_1_74' title='bbox 803 1180 859 1221; x_wconf 91' lang='lat' dir='ltr'>ad</span> <span class='ocrx_word' id='word_1_75' title='bbox 891 1181 1100 1223; x_wconf 88' lang='lat' dir='ltr'>eumdem</span> <span class='ocrx_word' id='word_1_76' title='bbox 1133 1181 1269 1223; x_wconf 88' lang='lat' dir='ltr'>finem</span> <span class='ocrx_word' id='word_1_77' title='bbox 1303 1182 1541 1225; x_wconf 86' lang='lat' dir='ltr'>tendamus</span> <span class='ocrx_word' id='word_1_78' title='bbox 1575 1183 1606 1224; x_wconf 69' lang='lat'>⁶².</span> <span class='ocrx_word' id='word_1_79' title='bbox 1642 1182 1723 1226; x_wconf 85' lang='lat' dir='ltr'>Sin</span> 
     </span>
     <span class='ocr_line' id='line_1_14' title="bbox 97 1238 1722 1296; baseline 0.001 -14"><span class='ocrx_word' id='word_1_80' title='bbox 97 1240 269 1282; x_wconf 85' lang='lat' dir='ltr'>mavult</span> <span class='ocrx_word' id='word_1_81' title='bbox 290 1253 343 1282; x_wconf 88' lang='lat' dir='ltr'>ea</span> <span class='ocrx_word' id='word_1_82' title='bbox 364 1239 604 1294; x_wconf 88' lang='lat' dir='ltr'>separatim</span> <span class='ocrx_word' id='word_1_83' title='bbox 627 1238 715 1289; x_wconf 89' lang='lat' dir='ltr'>edi,</span> <span class='ocrx_word' id='word_1_84' title='bbox 741 1238 900 1281; x_wconf 89' lang='lat' dir='ltr'>dubito</span> <span class='ocrx_word' id='word_1_85' title='bbox 921 1254 1030 1281; x_wconf 87' lang='lat' dir='ltr'>sane</span> <span class='ocrx_word' id='word_1_86' title='bbox 1051 1255 1108 1283; x_wconf 90' lang='lat' dir='ltr'>an</span> <span class='ocrx_word' id='word_1_87' title='bbox 1132 1240 1264 1282; x_wconf 86' lang='lat' dir='ltr'>facile</span> <span class='ocrx_word' id='word_1_88' title='bbox 1293 1240 1350 1282; x_wconf 90' lang='lat' dir='ltr'>sit</span> <span class='ocrx_word' id='word_1_89' title='bbox 1383 1242 1501 1296; x_wconf 89' lang='lat' dir='ltr'>apud</span> <span class='ocrx_word' id='word_1_90' title='bbox 1534 1256 1620 1283; x_wconf 90' lang='lat' dir='ltr'>nos</span> <span class='ocrx_word' id='word_1_91' title='bbox 1649 1248 1722 1296; x_wconf 89' lang='lat' dir='ltr'>ty-</span> 
     </span>
     <span class='ocr_line' id='line_1_15' title="bbox 95 1297 1718 1355; baseline 0.001 -14"><span class='ocrx_word' id='word_1_92' title='bbox 95 1299 378 1355; x_wconf 82' lang='lat' dir='ltr'>pographum</span> <span class='ocrx_word' id='word_1_93' title='bbox 403 1298 688 1342; x_wconf 80' lang='lat' dir='ltr'><strong>inventurus.</strong></span> <span class='ocrx_word' id='word_1_94' title='bbox 715 1299 806 1342; x_wconf 87' lang='lat' dir='ltr'>Sed</span> <span class='ocrx_word' id='word_1_95' title='bbox 824 1297 992 1341; x_wconf 87' lang='lat' dir='ltr'>rectius</span> <span class='ocrx_word' id='word_1_96' title='bbox 1010 1300 1066 1342; x_wconf 92' lang='lat' dir='ltr'>de</span> <span class='ocrx_word' id='word_1_97' title='bbox 1083 1299 1153 1342; x_wconf 90' lang='lat' dir='ltr'>his</span> <span class='ocrx_word' id='word_1_98' title='bbox 1172 1301 1224 1342; x_wconf 88' lang='lat' dir='ltr'>P.</span> <span class='ocrx_word' id='word_1_99' title='bbox 1248 1300 1421 1342; x_wconf 77' lang='lat' dir='ltr'>Natalis</span> <span class='ocrx_word' id='word_1_100' title='bbox 1439 1308 1483 1342; x_wconf 92' lang='lat' dir='ltr'>et</span> <span class='ocrx_word' id='word_1_101' title='bbox 1501 1302 1580 1343; x_wconf 88' lang='lat' dir='ltr'>Dr.</span> <span class='ocrx_word' id='word_1_102' title='bbox 1604 1302 1718 1343; x_wconf 75' lang='lat' dir='ltr'>Tur-</span> 
     </span>
     <span class='ocr_line' id='line_1_16' title="bbox 95 1357 1640 1412; baseline 0.001 -12"><span class='ocrx_word' id='word_1_103' title='bbox 95 1358 249 1401; x_wconf 88' lang='lat' dir='ltr'>rianus</span> <span class='ocrx_word' id='word_1_104' title='bbox 265 1357 585 1411; x_wconf 86' lang='lat' dir='ltr'>judicaverint,</span> <span class='ocrx_word' id='word_1_105' title='bbox 611 1372 727 1412; x_wconf 86' lang='lat' dir='ltr'>quos</span> <span class='ocrx_word' id='word_1_106' title='bbox 749 1358 906 1400; x_wconf 85' lang='lat' dir='ltr'>ambos</span> <span class='ocrx_word' id='word_1_107' title='bbox 928 1357 974 1400; x_wconf 90' lang='lat' dir='ltr'>in</span> <span class='ocrx_word' id='word_1_108' title='bbox 996 1358 1177 1401; x_wconf 86' lang='lat' dir='ltr'>Christo</span> <span class='ocrx_word' id='word_1_109' title='bbox 1199 1366 1458 1402; x_wconf 74' lang='lat' dir='ltr'>reverenter</span> <span class='ocrx_word' id='word_1_110' title='bbox 1480 1361 1640 1402; x_wconf 81' lang='lat' dir='ltr'>saluto.</span> 
     </span>
    </p>

    <p class='ocr_par' dir='ltr' id='par_1_8' title="bbox 92 1416 1721 1592">
     <span class='ocr_line' id='line_1_17' title="bbox 183 1416 1721 1473; baseline 0.001 -14"><span class='ocrx_word' id='word_1_111' title='bbox 183 1416 376 1460; x_wconf 81' lang='lat' dir='ltr'>Tardius</span> <span class='ocrx_word' id='word_1_112' title='bbox 405 1418 491 1458; x_wconf 88' lang='lat' dir='ltr'>hoc</span> <span class='ocrx_word' id='word_1_113' title='bbox 522 1416 794 1459; x_wconf 88' lang='lat' dir='ltr'>Turrianum</span> <span class='ocrx_word' id='word_1_114' title='bbox 824 1431 938 1473; x_wconf 89' lang='lat' dir='ltr'>opus</span> <span class='ocrx_word' id='word_1_115' title='bbox 960 1417 1124 1473; x_wconf 85' lang='lat' dir='ltr'>prodit,</span> <span class='ocrx_word' id='word_1_116' title='bbox 1157 1418 1371 1472; x_wconf 80' lang='lat' dir='ltr'>quoniam</span> <span class='ocrx_word' id='word_1_117' title='bbox 1403 1419 1526 1461; x_wconf 80' lang='lat' dir='ltr'>brevi</span> <span class='ocrx_word' id='word_1_118' title='bbox 1556 1418 1721 1461; x_wconf 87' lang='lat' dir='ltr'>abhinc</span> 
     </span>
     <span class='ocr_line' id='line_1_18' title="bbox 93 1475 1712 1532; baseline 0.001 -14"><span class='ocrx_word' id='word_1_119' title='bbox 93 1484 296 1532; x_wconf 84' lang='lat' dir='ltr'>tempore</span> <span class='ocrx_word' id='word_1_120' title='bbox 318 1475 505 1518; x_wconf 88' lang='lat' dir='ltr'>missum</span> <span class='ocrx_word' id='word_1_121' title='bbox 529 1477 585 1518; x_wconf 85' lang='lat' dir='ltr'>ad</span> <span class='ocrx_word' id='word_1_122' title='bbox 608 1491 690 1518; x_wconf 92' lang='lat' dir='ltr'>nos</span> <span class='ocrx_word' id='word_1_123' title='bbox 713 1483 781 1518; x_wconf 90' lang='lat' dir='ltr'>est</span> <span class='ocrx_word' id='word_1_124' title='bbox 804 1477 1074 1532; x_wconf 85' lang='lat' dir='ltr'>Antuerpia,</span> <span class='ocrx_word' id='word_1_125' title='bbox 1107 1477 1185 1519; x_wconf 81' lang='lat' dir='ltr'>ubi</span> <span class='ocrx_word' id='word_1_126' title='bbox 1215 1477 1394 1520; x_wconf 85' lang='lat' dir='ltr'>cunctis</span> <span class='ocrx_word' id='word_1_127' title='bbox 1422 1478 1575 1520; x_wconf 89' lang='lat' dir='ltr'>insciis</span> <span class='ocrx_word' id='word_1_128' title='bbox 1607 1477 1712 1521; x_wconf 90' lang='lat' dir='ltr'>deli-</span> 
     </span>
     <span class='ocr_line' id='line_1_19' title="bbox 92 1535 972 1592; baseline 0 -14"><span class='ocrx_word' id='word_1_129' title='bbox 92 1536 178 1579; x_wconf 85' lang='lat' dir='ltr'>tuit</span> <span class='ocrx_word' id='word_1_130' title='bbox 201 1535 293 1578; x_wconf 76' lang='lat' dir='ltr'>diu,</span> <span class='ocrx_word' id='word_1_131' title='bbox 320 1535 546 1578; x_wconf 83' lang='lat' dir='ltr'>Dominus</span> <span class='ocrx_word' id='word_1_132' title='bbox 563 1537 698 1592; x_wconf 90' lang='lat' dir='ltr'>Jesus</span> <span class='ocrx_word' id='word_1_133' title='bbox 722 1535 972 1579; x_wconf 84' lang='lat' dir='ltr'>nobiscum.</span> 
     </span>
    </p>

    <p class='ocr_par' dir='ltr' id='par_1_9' title="bbox 89 1595 1723 1888">
     <span class='ocr_line' id='line_1_20' title="bbox 179 1595 1721 1651; baseline -0.001 -13"><span class='ocrx_word' id='word_1_134' title='bbox 179 1595 374 1638; x_wconf 78' lang='lat' dir='ltr'>Litteras</span> <span class='ocrx_word' id='word_1_135' title='bbox 397 1595 568 1637; x_wconf 84' lang='lat' dir='ltr'>indicas</span> <span class='ocrx_word' id='word_1_136' title='bbox 591 1595 729 1637; x_wconf 87' lang='lat' dir='ltr'>latine</span> <span class='ocrx_word' id='word_1_137' title='bbox 750 1610 904 1638; x_wconf 85' lang='lat' dir='ltr'>versas</span> <span class='ocrx_word' id='word_1_138' title='bbox 928 1595 999 1638; x_wconf 91' lang='lat' dir='ltr'>hic</span> <span class='ocrx_word' id='word_1_139' title='bbox 1017 1595 1209 1638; x_wconf 83' lang='lat' dir='ltr'>aedituri</span> <span class='ocrx_word' id='word_1_140' title='bbox 1227 1596 1472 1648; x_wconf 86' lang='lat' dir='ltr'>fueramus,</span> <span class='ocrx_word' id='word_1_141' title='bbox 1495 1596 1573 1638; x_wconf 91' lang='lat' dir='ltr'>sed</span> <span class='ocrx_word' id='word_1_142' title='bbox 1590 1609 1721 1651; x_wconf 88' lang='lat' dir='ltr'>repe-</span> 
     </span>
     <span class='ocr_line' id='line_1_21' title="bbox 91 1653 1719 1711; baseline 0.001 -15"><span class='ocrx_word' id='word_1_143' title='bbox 91 1653 160 1696; x_wconf 91' lang='lat' dir='ltr'>tiit</span> <span class='ocrx_word' id='word_1_144' title='bbox 183 1669 259 1698; x_wconf 87' lang='lat' dir='ltr'>eas</span> <span class='ocrx_word' id='word_1_145' title='bbox 283 1657 318 1697; x_wconf 86' lang='grc' dir='ltr'>Ρ</span> <span class='ocrx_word' id='word_1_146' title='bbox 328 1691 336 1699; x_wconf 91' lang='grc'><em>.</em></span> <span class='ocrx_word' id='word_1_147' title='bbox 362 1654 550 1705; x_wconf 87' lang='lat' dir='ltr'>Natalis,</span> <span class='ocrx_word' id='word_1_148' title='bbox 578 1655 846 1709; x_wconf 87' lang='lat' dir='ltr'>promittens</span> <span class='ocrx_word' id='word_1_149' title='bbox 868 1654 1082 1709; x_wconf 88' lang='lat' dir='ltr'>majorem</span> <span class='ocrx_word' id='word_1_150' title='bbox 1105 1655 1386 1711; x_wconf 74' lang='lat' dir='ltr'>diligentiam</span> <span class='ocrx_word' id='word_1_151' title='bbox 1410 1655 1456 1698; x_wconf 89' lang='lat' dir='ltr'>in</span> <span class='ocrx_word' id='word_1_152' title='bbox 1484 1655 1719 1710; x_wconf 72' lang='lat' dir='ltr'>corrigen—</span> 
     </span>
     <span class='ocr_line' id='line_1_22' title="bbox 90 1714 1723 1769; baseline 0 -14"><span class='ocrx_word' id='word_1_153' title='bbox 90 1714 164 1756; x_wconf 91' lang='lat' dir='ltr'>do.</span> <span class='ocrx_word' id='word_1_154' title='bbox 192 1715 346 1769; x_wconf 75' lang='lat' dir='ltr'>Quare</span> <span class='ocrx_word' id='word_1_155' title='bbox 369 1714 567 1765; x_wconf 84' lang='lat' dir='ltr'>mandet,</span> <span class='ocrx_word' id='word_1_156' title='bbox 601 1728 784 1768; x_wconf 85' lang='lat' dir='ltr'>quaeso,</span> <span class='ocrx_word' id='word_1_157' title='bbox 818 1715 870 1758; x_wconf 82' lang='lat' dir='ltr'>P.</span> <span class='ocrx_word' id='word_1_158' title='bbox 902 1716 975 1765; x_wconf 82' lang='lat' dir='ltr'>T.,</span> <span class='ocrx_word' id='word_1_159' title='bbox 1008 1722 1059 1756; x_wconf 93' lang='lat' dir='ltr'>ut</span> <span class='ocrx_word' id='word_1_160' title='bbox 1086 1715 1226 1758; x_wconf 82' lang='lat' dir='ltr'>semel</span> <span class='ocrx_word' id='word_1_161' title='bbox 1259 1722 1303 1758; x_wconf 91' lang='lat' dir='ltr'>et</span> <span class='ocrx_word' id='word_1_162' title='bbox 1337 1715 1427 1756; x_wconf 87' lang='lat' dir='ltr'>cito</span> <span class='ocrx_word' id='word_1_163' title='bbox 1460 1715 1723 1756; x_wconf 75' lang='lat' dir='ltr'>absolvatur</span> 
     </span>
     <span class='ocr_line' id='line_1_23' title="bbox 89 1773 1721 1829; baseline -0.001 -13"><span class='ocrx_word' id='word_1_164' title='bbox 89 1775 176 1816; x_wconf 91' lang='lat' dir='ltr'>hoc</span> <span class='ocrx_word' id='word_1_165' title='bbox 200 1788 329 1829; x_wconf 86' lang='lat' dir='ltr'>opus,</span> <span class='ocrx_word' id='word_1_166' title='bbox 353 1774 474 1827; x_wconf 87' lang='lat' dir='ltr'>quod</span> <span class='ocrx_word' id='word_1_167' title='bbox 491 1773 585 1828; x_wconf 88' lang='lat' dir='ltr'>jam</span> <span class='ocrx_word' id='word_1_168' title='bbox 608 1773 746 1817; x_wconf 87' lang='lat' dir='ltr'>latine</span> <span class='ocrx_word' id='word_1_169' title='bbox 769 1780 979 1829; x_wconf 84' lang='lat' dir='ltr'>coeptum</span> <span class='ocrx_word' id='word_1_170' title='bbox 1003 1781 1071 1817; x_wconf 92' lang='lat' dir='ltr'>est</span> <span class='ocrx_word' id='word_1_171' title='bbox 1094 1773 1256 1817; x_wconf 77' lang='lat' dir='ltr'>excudi</span> <span class='ocrx_word' id='word_1_172' title='bbox 1285 1781 1329 1817; x_wconf 90' lang='lat' dir='ltr'>et</span> <span class='ocrx_word' id='word_1_173' title='bbox 1363 1773 1536 1827; x_wconf 89' lang='lat' dir='ltr'>recudi,</span> <span class='ocrx_word' id='word_1_174' title='bbox 1568 1787 1721 1828; x_wconf 88' lang='lat' dir='ltr'>neque</span> 
     </span>
     <span class='ocr_line' id='line_1_24' title="bbox 91 1832 618 1888; baseline -0.002 -13"><span class='ocrx_word' id='word_1_175' title='bbox 91 1847 117 1874; x_wconf 89' lang='lat' dir='ltr'>a</span> <span class='ocrx_word' id='word_1_176' title='bbox 139 1832 299 1888; x_wconf 81' lang='lat' dir='ltr'>paucis</span> <span class='ocrx_word' id='word_1_177' title='bbox 321 1833 618 1876; x_wconf 84' lang='lat' dir='ltr'>desideratur.</span> 
     </span>
    </p>
   </div>
   <div class='ocr_carea' id='block_1_8' title="bbox 622 1946 1171 2069">
    <p class='ocr_par' dir='ltr' id='par_1_10' title="bbox 622 1946 1171 2069">
     <span class='ocr_line' id='line_1_25' title="bbox 814 1946 1001 1988; baseline -0.005 0"><span class='ocrx_word' id='word_1_178' title='bbox 814 1946 1001 1988; x_wconf 85' lang='lat' dir='ltr'>LXXIII</span> 
     </span>
     <span class='ocr_line' id='line_1_26' title="bbox 622 2033 1171 2069; baseline 0 -1"><span class='ocrx_word' id='word_1_179' title='bbox 622 2035 665 2068; x_wconf 88' lang='lat' dir='ltr'>B.</span> <span class='ocrx_word' id='word_1_180' title='bbox 694 2033 897 2069; x_wconf 87' lang='lat' dir='ltr'><strong>PETRUS</strong></span> <span class='ocrx_word' id='word_1_181' title='bbox 924 2033 1171 2069; x_wconf 83' lang='lat' dir='ltr'>CANISIUS</span> 
     </span>
    </p>
   </div>
   <div class='ocr_carea' id='block_1_9' title="bbox 88 2125 1719 2327">
    <p class='ocr_par' dir='ltr' id='par_1_11' title="bbox 88 2125 1719 2327">
     <span class='ocr_line' id='line_1_27' title="bbox 449 2125 1363 2164; baseline -0.001 -9"><span class='ocrx_word' id='word_1_182' title='bbox 449 2126 663 2155; x_wconf 88' lang='lat' dir='ltr'>SANCTO</span> <span class='ocrx_word' id='word_1_183' title='bbox 712 2125 1023 2155; x_wconf 84' lang='lat' dir='ltr'>FRANCISCO</span> <span class='ocrx_word' id='word_1_184' title='bbox 1072 2126 1140 2154; x_wconf 89' lang='lat' dir='ltr'>DE</span> <span class='ocrx_word' id='word_1_185' title='bbox 1188 2125 1363 2164; x_wconf 88' lang='lat' dir='ltr'>BORJA</span> 
     </span>
     <span class='ocr_line' id='line_1_28' title="bbox 529 2200 1280 2258; baseline 0.001 -14"><span class='ocrx_word' id='word_1_186' title='bbox 529 2203 786 2257; x_wconf 81' lang='lat' dir='ltr'>Augustae,</span> <span class='ocrx_word' id='word_1_187' title='bbox 809 2214 864 2258; x_wconf 77' lang='lat'>29</span> <span class='ocrx_word' id='word_1_188' title='bbox 883 2200 1096 2244; x_wconf 84' lang='lat' dir='ltr'>Octobris</span> <span class='ocrx_word' id='word_1_189' title='bbox 1120 2202 1229 2258; x_wconf 84' lang='grc'>1569</span> <span class='ocrx_word' id='word_1_190' title='bbox 1248 2202 1280 2245; x_wconf 73' lang='lat'>³.</span> 
     </span>
     <span class='ocr_line' id='line_1_29' title="bbox 88 2289 1719 2327; baseline -0.002 0"><span class='ocrx_word' id='word_1_191' title='bbox 88 2291 150 2327; x_wconf 83' lang='lat' dir='ltr'>De</span> <span class='ocrx_word' id='word_1_192' title='bbox 168 2291 269 2326; x_wconf 76' lang='lat' dir='ltr'>libro</span> <span class='ocrx_word' id='word_1_193' title='bbox 287 2292 457 2326; x_wconf 75' lang='lat' dir='ltr'>doctoris</span> <span class='ocrx_word' id='word_1_194' title='bbox 481 2291 623 2325; x_wconf 71' lang='lat' dir='ltr'>Torres</span> <span class='ocrx_word' id='word_1_195' title='bbox 639 2291 886 2325; x_wconf 77' lang='lat' dir='ltr'>emendando</span> <span class='ocrx_word' id='word_1_196' title='bbox 905 2290 1081 2325; x_wconf 76' lang='lat' dir='ltr'>rationes</span> <span class='ocrx_word' id='word_1_197' title='bbox 1099 2289 1242 2325; x_wconf 74' lang='lat' dir='ltr'>Natali</span> <span class='ocrx_word' id='word_1_198' title='bbox 1259 2290 1407 2324; x_wconf 75' lang='lat' dir='ltr'>allatas</span> <span class='ocrx_word' id='word_1_199' title='bbox 1421 2293 1719 2325; x_wconf 78' lang='lat' dir='ltr'>commemorat.</span> 
     </span>
    </p>
   </div>
   <div class='ocr_carea' id='block_1_10' title="bbox 93 2366 1721 2483">
    <p class='ocr_par' dir='ltr' id='par_1_12' title="bbox 93 2366 1721 2483">
     <span class='ocr_line' id='line_1_30' title="bbox 259 2366 1719 2422; baseline -0.003 -9.238"><span class='ocrx_word' id='word_1_200' title='bbox 259 2370 490 2412; x_wconf 82' lang='lat' dir='ltr'>Admonet</span> <span class='ocrx_word' id='word_1_201' title='bbox 512 2368 630 2411; x_wconf 88' lang='lat' dir='ltr'>idem</span> <span class='ocrx_word' id='word_1_202' title='bbox 654 2369 705 2410; x_wconf 82' lang='lat' dir='ltr'>P.</span> <span class='ocrx_word' id='word_1_203' title='bbox 732 2367 983 2410; x_wconf 87' lang='lat' dir='ltr'>Turrianus</span> <span class='ocrx_word' id='word_1_204' title='bbox 1005 2374 1056 2410; x_wconf 92' lang='lat' dir='ltr'>ut</span> <span class='ocrx_word' id='word_1_205' title='bbox 1078 2366 1302 2422; x_wconf 83' lang='lat' dir='ltr'>prioribus</span> <span class='ocrx_word' id='word_1_206' title='bbox 1324 2366 1450 2409; x_wconf 76' lang='lat' dir='ltr'>libris</span> <span class='ocrx_word' id='word_1_207' title='bbox 1474 2368 1530 2410; x_wconf 93' lang='lat' dir='ltr'>de</span> <span class='ocrx_word' id='word_1_208' title='bbox 1547 2367 1719 2409; x_wconf 40' lang='lat' dir='ltr'>hierar*</span> 
     </span>
     <span class='ocr_line' id='line_1_31' title="bbox 93 2427 1721 2483; baseline -0.001 -12"><span class='ocrx_word' id='word_1_209' title='bbox 93 2428 224 2472; x_wconf 87' lang='lat' dir='ltr'>chica</span> <span class='ocrx_word' id='word_1_210' title='bbox 256 2428 539 2472; x_wconf 85' lang='lat' dir='ltr'>ordinatione</span> <span class='ocrx_word' id='word_1_211' title='bbox 568 2427 746 2483; x_wconf 86' lang='lat' dir='ltr'>scriptis</span> <span class='ocrx_word' id='word_1_212' title='bbox 775 2427 935 2471; x_wconf 86' lang='lat' dir='ltr'>tertius</span> <span class='ocrx_word' id='word_1_213' title='bbox 963 2427 1019 2470; x_wconf 91' lang='lat' dir='ltr'>de</span> <span class='ocrx_word' id='word_1_214' title='bbox 1050 2427 1273 2469; x_wconf 85' lang='lat' dir='ltr'>sacrificio</span> <span class='ocrx_word' id='word_1_215' title='bbox 1303 2427 1592 2483; x_wconf 78' lang='lat' dir='ltr'>adjungatur.</span> <span class='ocrx_word' id='word_1_216' title='bbox 1631 2428 1721 2469; x_wconf 77' lang='lat' dir='ltr'>Re-</span> 
     </span>
    </p>
   </div>
   <div class='ocr_carea' id='block_1_11' title="bbox 91 2517 355 2523">
    <p class='ocr_par' dir='ltr' id='par_1_13' title="bbox 91 2517 355 2523">
     <span class='ocr_line' id='line_1_32' title="bbox 91 2517 355 2523; baseline 0 0"><span class='ocrx_word' id='word_1_217' title='bbox 91 2517 355 2523; x_wconf 95' lang='lat' dir='ltr'> </span> 
     </span>
    </p>
   </div>
   <div class='ocr_carea' id='block_1_12' title="bbox 0 2557 1720 3023">
    <p class='ocr_par' dir='ltr' id='par_1_14' title="bbox 85 2557 1720 2724">
     <span class='ocr_line' id='line_1_33' title="bbox 159 2557 1720 2606; baseline -0.003 -11"><span class='ocrx_word' id='word_1_218' title='bbox 159 2560 169 2580; x_wconf 75' lang='lat'><strong>1</strong></span> <span class='ocrx_word' id='word_1_219' title='bbox 222 2561 280 2594; x_wconf 83' lang='lat' dir='ltr'>Ex</span> <span class='ocrx_word' id='word_1_220' title='bbox 299 2560 519 2606; x_wconf 84' lang='lat' dir='ltr'>apographo</span> <span class='ocrx_word' id='word_1_221' title='bbox 537 2559 697 2602; x_wconf 84' lang='lat' dir='ltr'>recenti,</span> <span class='ocrx_word' id='word_1_222' title='bbox 726 2558 837 2593; x_wconf 84' lang='lat' dir='ltr'>nobis</span> <span class='ocrx_word' id='word_1_223' title='bbox 862 2557 1102 2593; x_wconf 85' lang='lat' dir='ltr'>transmisso.</span> <span class='ocrx_word' id='word_1_224' title='bbox 1131 2557 1232 2592; x_wconf 89' lang='lat' dir='ltr'>Vide</span> <span class='ocrx_word' id='word_1_225' title='bbox 1257 2558 1370 2604; x_wconf 85' lang='lat' dir='ltr'>epist.</span> <span class='ocrx_word' id='word_1_226' title='bbox 1399 2565 1480 2601; x_wconf 77' lang='lat'>510,</span> <span class='ocrx_word' id='word_1_227' title='bbox 1507 2570 1544 2592; x_wconf 91' lang='lat' dir='ltr'>n.</span> <span class='ocrx_word' id='word_1_228' title='bbox 1572 2565 1606 2602; x_wconf 81' lang='lat'>73</span> <span class='ocrx_word' id='word_1_229' title='bbox 1634 2565 1720 2603; x_wconf 78' lang='lat'>512,</span> 
     </span>
     <span class='ocr_line' id='line_1_34' title="bbox 87 2616 1718 2664; baseline -0.002 -10"><span class='ocrx_word' id='word_1_230' title='bbox 87 2632 124 2654; x_wconf 91' lang='lat' dir='ltr'>n.</span> <span class='ocrx_word' id='word_1_231' title='bbox 145 2628 180 2664; x_wconf 79' lang='lat'>53</span> <span class='ocrx_word' id='word_1_232' title='bbox 200 2628 282 2664; x_wconf 86' lang='lat'>515,</span> <span class='ocrx_word' id='word_1_233' title='bbox 302 2632 340 2654; x_wconf 90' lang='lat' dir='ltr'>n.</span> <span class='ocrx_word' id='word_1_234' title='bbox 360 2619 396 2663; x_wconf 87' lang='lat'>6;</span> <span class='ocrx_word' id='word_1_235' title='bbox 417 2627 498 2663; x_wconf 84' lang='grc'>517,</span> <span class='ocrx_word' id='word_1_236' title='bbox 519 2631 556 2654; x_wconf 88' lang='lat' dir='ltr'>n.</span> <span class='ocrx_word' id='word_1_237' title='bbox 576 2619 612 2663; x_wconf 75' lang='lat'>65</span> <span class='ocrx_word' id='word_1_238' title='bbox 634 2623 776 2663; x_wconf 82' lang='lat' dir='ltr'>519;et</span> <span class='ocrx_word' id='word_1_239' title='bbox 794 2617 876 2662; x_wconf 70' lang='lat'>534,</span> <span class='ocrx_word' id='word_1_240' title='bbox 897 2630 933 2653; x_wconf 93' lang='lat' dir='ltr'>n.</span> <span class='ocrx_word' id='word_1_241' title='bbox 956 2627 989 2653; x_wconf 85' lang='lat'>2.</span> <span class='ocrx_word' id='word_1_242' title='bbox 1009 2618 1069 2652; x_wconf 91' lang='lat' dir='ltr'>De</span> <span class='ocrx_word' id='word_1_243' title='bbox 1084 2617 1225 2653; x_wconf 87' lang='lat' dir='ltr'>litteris</span> <span class='ocrx_word' id='word_1_244' title='bbox 1242 2617 1380 2652; x_wconf 88' lang='lat' dir='ltr'>indicis</span> <span class='ocrx_word' id='word_1_245' title='bbox 1396 2617 1485 2652; x_wconf 83' lang='lat' dir='ltr'>vide</span> <span class='ocrx_word' id='word_1_246' title='bbox 1501 2617 1615 2663; x_wconf 87' lang='lat' dir='ltr'>epist.</span> <span class='ocrx_word' id='word_1_247' title='bbox 1633 2616 1718 2661; x_wconf 79' lang='lat'>365,</span> 
     </span>
     <span class='ocr_line' id='line_1_35' title="bbox 85 2677 926 2724; baseline -0.002 -10"><span class='ocrx_word' id='word_1_248' title='bbox 85 2691 121 2714; x_wconf 91' lang='lat' dir='ltr'>n.</span> <span class='ocrx_word' id='word_1_249' title='bbox 143 2688 179 2724; x_wconf 83' lang='lat'>23</span> <span class='ocrx_word' id='word_1_250' title='bbox 199 2679 280 2723; x_wconf 85' lang='lat'>377,</span> <span class='ocrx_word' id='word_1_251' title='bbox 302 2691 340 2714; x_wconf 89' lang='lat' dir='ltr'>n.</span> <span class='ocrx_word' id='word_1_252' title='bbox 363 2688 396 2723; x_wconf 81' lang='lat'>23</span> <span class='ocrx_word' id='word_1_253' title='bbox 416 2678 497 2723; x_wconf 82' lang='lat'>396,</span> <span class='ocrx_word' id='word_1_254' title='bbox 519 2691 556 2713; x_wconf 91' lang='lat' dir='ltr'>n.</span> <span class='ocrx_word' id='word_1_255' title='bbox 578 2689 612 2723; x_wconf 85' lang='grc'>9;</span> <span class='ocrx_word' id='word_1_256' title='bbox 633 2677 716 2724; x_wconf 81' lang='lat'>398,</span> <span class='ocrx_word' id='word_1_257' title='bbox 736 2690 774 2712; x_wconf 90' lang='lat' dir='ltr'>n.</span> <span class='ocrx_word' id='word_1_258' title='bbox 794 2688 829 2723; x_wconf 82' lang='lat'>93</span> <span class='ocrx_word' id='word_1_259' title='bbox 851 2683 926 2713; x_wconf 87' lang='lat' dir='ltr'>ete.</span> 
     </span>
    </p>

    <p class='ocr_par' dir='ltr' id='par_1_15' title="bbox 150 2737 1718 2781">
     <span class='ocr_line' id='line_1_36' title="bbox 150 2737 1718 2781; baseline -0.003 -7"><span class='ocrx_word' id='word_1_260' title='bbox 150 2742 163 2761; x_wconf 72' lang='lat'><strong>2</strong></span> <span class='ocrx_word' id='word_1_261' title='bbox 215 2740 274 2774; x_wconf 90' lang='lat' dir='ltr'>De</span> <span class='ocrx_word' id='word_1_262' title='bbox 294 2739 402 2773; x_wconf 87' lang='lat' dir='ltr'>libris</span> <span class='ocrx_word' id='word_1_263' title='bbox 421 2738 568 2774; x_wconf 86' lang='lat' dir='ltr'>Canisii</span> <span class='ocrx_word' id='word_1_264' title='bbox 582 2743 716 2773; x_wconf 80' lang='lat' dir='ltr'>contra</span> <span class='ocrx_word' id='word_1_265' title='bbox 729 2737 1010 2772; x_wconf 86' lang='lat' dir='ltr'>centuriatores</span> <span class='ocrx_word' id='word_1_266' title='bbox 1025 2737 1074 2772; x_wconf 86' lang='lat' dir='ltr'>ef.</span> <span class='ocrx_word' id='word_1_267' title='bbox 1098 2737 1429 2780; x_wconf 75' lang='lat' dir='ltr'>SOMMERVOGEL‚</span> <span class='ocrx_word' id='word_1_268' title='bbox 1446 2737 1718 2781; x_wconf 54' lang='lat' dir='ltr'>Bibliotlzffique</span> 
     </span>
    </p>

    <p class='ocr_par' dir='ltr' id='par_1_16' title="bbox 0 2794 1718 2843">
     <span class='ocr_line' id='line_1_37' title="bbox 0 2794 1718 2843; baseline -0.002 -10"><span class='ocrx_word' id='word_1_269' title='bbox 0 2798 12 2829; x_wconf 61' lang='grc' dir='ltr'><strong>ἱ</strong></span> <span class='ocrx_word' id='word_1_270' title='bbox 81 2799 128 2834; x_wconf 80' lang='lat' dir='ltr'>de</span> <span class='ocrx_word' id='word_1_271' title='bbox 148 2799 189 2833; x_wconf 82' lang='lat' dir='ltr'>la</span> <span class='ocrx_word' id='word_1_272' title='bbox 211 2798 256 2832; x_wconf 86' lang='lat' dir='ltr'>C.</span> <span class='ocrx_word' id='word_1_273' title='bbox 282 2797 399 2843; x_wconf 73' lang='lat' dir='ltr'>des,</span> <span class='ocrx_word' id='word_1_274' title='bbox 419 2798 470 2842; x_wconf 87' lang='grc' dir='ltr'>ΙΙ,</span> <span class='ocrx_word' id='word_1_275' title='bbox 490 2797 659 2842; x_wconf 80' lang='grc'>673-675;</span> <span class='ocrx_word' id='word_1_276' title='bbox 680 2802 719 2832; x_wconf 88' lang='lat' dir='ltr'>et</span> <span class='ocrx_word' id='word_1_277' title='bbox 737 2797 919 2842; x_wconf 81' lang='lat' dir='ltr'>MICHEL,</span> <span class='ocrx_word' id='word_1_278' title='bbox 953 2798 1019 2832; x_wconf 72' lang='lat' dir='ltr'>Vie</span> <span class='ocrx_word' id='word_1_279' title='bbox 1038 2798 1094 2831; x_wconf 73' lang='lat' dir='ltr'>dn</span> <span class='ocrx_word' id='word_1_280' title='bbox 1119 2796 1400 2831; x_wconf 65' lang='lat' dir='ltr'>Bienlzeztreztx</span> <span class='ocrx_word' id='word_1_281' title='bbox 1428 2796 1571 2830; x_wconf 65' lang='lat' dir='ltr'>Pieri&#39;e</span> <span class='ocrx_word' id='word_1_282' title='bbox 1599 2794 1718 2829; x_wconf 79' lang='lat' dir='ltr'>Cani-</span> 
     </span>
    </p>

    <p class='ocr_par' dir='ltr' id='par_1_17' title="bbox 82 2858 516 2904">
     <span class='ocr_line' id='line_1_38' title="bbox 82 2858 516 2904; baseline -0.002 -11"><span class='ocrx_word' id='word_1_283' title='bbox 82 2858 179 2904; x_wconf 81' lang='lat' dir='ltr'>sius,</span> <span class='ocrx_word' id='word_1_284' title='bbox 200 2858 269 2893; x_wconf 84' lang='lat' dir='ltr'>lib.</span> <span class='ocrx_word' id='word_1_285' title='bbox 296 2858 344 2898; x_wconf 84' lang='lat' dir='ltr'>V,</span> <span class='ocrx_word' id='word_1_286' title='bbox 364 2869 450 2903; x_wconf 86' lang='lat' dir='ltr'>cap.</span> <span class='ocrx_word' id='word_1_287' title='bbox 477 2865 516 2901; x_wconf 91' lang='grc'>5.</span> 
     </span>
    </p>

    <p class='ocr_par' dir='ltr' id='par_1_18' title="bbox 87 2912 1718 3023">
     <span class='ocr_line' id='line_1_39' title="bbox 157 2912 1718 2963; baseline -0.004 -11"><span class='ocrx_word' id='word_1_288' title='bbox 157 2919 171 2938; x_wconf 73' lang='lat'>5</span> <span class='ocrx_word' id='word_1_289' title='bbox 220 2918 278 2952; x_wconf 85' lang='lat' dir='ltr'>Ex</span> <span class='ocrx_word' id='word_1_290' title='bbox 303 2917 554 2962; x_wconf 81' lang='lat' dir='ltr'>autographo,</span> <span class='ocrx_word' id='word_1_291' title='bbox 581 2916 620 2951; x_wconf 90' lang='lat' dir='ltr'>in</span> <span class='ocrx_word' id='word_1_292' title='bbox 646 2917 775 2963; x_wconf 81' lang='lat' dir='ltr'>Epist.</span> <span class='ocrx_word' id='word_1_293' title='bbox 803 2915 975 2958; x_wconf 61' lang='lat' dir='ltr'>Cavisti,</span> <span class='ocrx_word' id='word_1_294' title='bbox 1003 2915 1051 2956; x_wconf 78' lang='grc' dir='ltr'>ΙΙ,</span> <span class='ocrx_word' id='word_1_295' title='bbox 1079 2922 1160 2958; x_wconf 76' lang='lat'>241.</span> <span class='ocrx_word' id='word_1_296' title='bbox 1189 2914 1288 2948; x_wconf 88' lang='lat' dir='ltr'>Vide</span> <span class='ocrx_word' id='word_1_297' title='bbox 1314 2913 1477 2959; x_wconf 86' lang='lat' dir='ltr'>append.</span> <span class='ocrx_word' id='word_1_298' title='bbox 1500 2912 1662 2948; x_wconf 75' lang='lat' dir='ltr'>LXXII,¹</span> <span class='ocrx_word' id='word_1_299' title='bbox 1678 2917 1718 2946; x_wconf 85' lang='lat' dir='ltr'>et</span> 
     </span>
     <span class='ocr_line' id='line_1_40' title="bbox 87 2975 560 3023; baseline -0.004 -11"><span class='ocrx_word' id='word_1_300' title='bbox 87 2976 270 3023; x_wconf 83' lang='lat' dir='ltr'>epistolas</span> <span class='ocrx_word' id='word_1_301' title='bbox 288 2975 342 3010; x_wconf 88' lang='lat' dir='ltr'>ibi</span> <span class='ocrx_word' id='word_1_302' title='bbox 361 2977 560 3021; x_wconf 83' lang='lat' dir='ltr'>allegatas.</span> 
     </span>
    </p>
   </div>
  </div>
 </body>
</html>
