2101 3348
731 239 745 266 1
775 231 1022 268 DECEMBRIS
1052 240 1141 278 1575
1635 240 1704 278 705

113 332 200 374 che
222 332 473 376 hauendosi
496 338 693 389 stampar
714 333 756 375 le
779 333 1001 376 auctorita
1020 334 1092 378 del
1110 334 1388 379 catechismo
1410 334 1456 377 in
1474 349 1535 376 vn
1552 335 1752 389 volume,

113 409 186 450 vol
210 423 425 464 procurat
448 411 531 452 che
554 409 590 452 si
615 409 757 453 faccia
778 425 867 453 vna
888 411 1094 466 epistola,
1120 412 1239 455 nella
1261 412 1395 467 quale
1418 411 1483 454 sia
1504 412 1547 454 la
1565 426 1755 469 respon-

116 485 257 538 sione,
284 493 329 529 et
351 485 413 528 lui
437 487 544 529 dara
568 486 631 542 gli
653 486 810 542 puncti
841 494 885 531 et
915 488 1011 530 cusi
1041 488 1105 544 gli
1137 490 1196 531 ho
1229 489 1334 532 data
1367 489 1516 544 quella
1547 489 1754 532 oratione

117 563 188 606 dei
211 563 426 616 heretico,
453 570 498 608 et
520 564 655 608 credo
678 565 722 607 fa
744 565 772 606 Γ
799 564 960 607 officio.
985 566 1019 607 11
1043 567 1095 608 P.
1123 565 1307 609 Rotario
1339 565 1377 608 si
1407 573 1536 608 troua
1564 566 1749 622 meglio,

117 639 384 684 benedictus
406 642 648 692 Dominus,
672 641 716 683 di
746 641 820 683 doi
849 641 997 697 giorni
1026 641 1070 684 in
1101 658 1189 699 qua
1218 645 1303 687 che
1332 643 1550 698 comincai
1579 643 1752 687 scriuer

116 724 291 773 questa.
317 718 351 759 Il
373 717 541 774 Signor
563 733 643 773 per
666 733 747 761 sua
770 718 1077 762 misericordia
1100 720 1335 776 augmenti
1358 721 1476 765 nella
1509 723 1560 763 P.
1595 722 1652 764 V.
1686 720 1751 777 gli

113 794 180 837 soi
202 794 347 837 sancti
370 794 476 837 doni
499 810 524 838 a
546 794 725 851 magior
747 795 891 851 gloria
919 795 964 837 di
992 811 1074 839 sua
1103 796 1257 840 diuina
1287 799 1397 840 Mta.
1429 804 1473 840 et
1502 805 1752 854 augmento

110 872 228 915 della
250 887 332 914 sua
355 872 653 928 Compagnia.
680 871 771 914 Alli
795 872 912 914 santi
935 872 1142 915 sacrificii
1171 880 1215 917 et
1243 874 1435 916 orationi
1462 874 1579 917 della
1604 876 1656 917 P.
1687 875 1745 917 V.

110 948 154 991 di
177 963 315 992 cuore
337 949 397 991 mi
420 948 683 1001 ricomandi,
709 957 753 991 et
776 949 880 992 delli
905 949 1041 992 Padri
1065 950 1309 1004 assistenti,
1335 958 1380 994 et
1411 951 1670 1005 secretario,
1705 958 1751 995 et

112 1019 246 1068 tuttii
266 1026 401 1069 Padri
420 1033 464 1070 et
487 1025 665 1070 fratelli.
693 1026 751 1070 Di
774 1027 908 1079 Hala,
938 1040 992 1081 30
1015 1026 1060 1068 di
1084 1028 1348 1071 Nouembre
1377 1038 1500 1083 1575.
1524 1030 1580 1072 D.
1610 1031 1662 1072 P.
1690 1029 1747 1072 V.

112 1117 246 1146 seruo
270 1104 316 1145 in
340 1103 442 1157 X.⁰,

1198 1187 1226 1243 ἢ
1258 1171 1446 1231 ΝΑῠΑ-ΙΛ.
1483 1188 1512 1245 †

200 1335 443 1389 Inscriptio
465 1335 514 1376 in
537 1338 702 1390 quarta
723 1335 920 1391 pagina,
951 1349 1093 1376 mama
1124 1336 1285 1377 Patris
1314 1336 1484 1378 Nadal:
1514 1335 1542 1391 †
1572 1336 1748 1379 Admo-

109 1414 216 1455 dum
240 1412 353 1454 Rdo.
380 1411 426 1454 in
447 1413 532 1454 Χ.0
558 1411 680 1454 Patri
705 1414 756 1455 P.
792 1412 1025 1454 Euerardo
1049 1412 1352 1464 Mercuriano,
1377 1412 1633 1469 praeposito
1663 1427 1744 1468 ge·

108 1488 247 1532 nerali
271 1489 510 1533 Societatis
525 1491 655 1547 Jesu.
688 1491 874 1532 Romae.
906 1490 1013 1532 Alia
1037 1504 1195 1531 manu:
1230 1500 1357 1544 1575.
1392 1490 1524 1534 Hala.
1562 1492 1614 1533 Ρ.
1649 1491 1745 1533 Na—

108 1568 211 1610 tale.
241 1581 295 1622 30
318 1567 362 1609 di
385 1568 663 1611 Nouembre.
691 1567 849 1623 sigilli
871 1568 1131 1623 vestigium.

708 1751 711 1754 .
860 1713 982 1753 588

524 1798 568 1832 P.
596 1797 916 1833 EVERARDUS
944 1796 1328 1832 MERCURIANUS

437 1877 647 1920 PATRI
692 1875 1123 1918 HIERONYMO
1167 1875 1415 1918 NADAL

603 1978 761 2011 ROMAE,
793 1977 807 2003 1
839 1976 1076 2004 DECEMBms
1107 1976 1195 2013 1575
1224 1969 1249 2003 ¹.

106 2052 170 2086 Ad
184 2049 476 2097 perficiendum
496 2049 645 2083 librum
669 2047 977 2083 meditationum
1004 2047 1050 2081 de
1074 2046 1158 2081 vita
1187 2045 1339 2081 Christi
1363 2058 1452 2081 cmn
1479 2047 1743 2094 imaginibus,

152 2111 270 2145 illum
286 2111 544 2144 adhortatur:
554 2110 693 2143 contra
707 2107 951 2141 haereticum
967 2106 1179 2151 quemdam
1194 2106 1362 2141 scribere
1379 2117 1457 2140 non
1472 2108 1742 2152 opportunum

153 2172 295 2205 censet:
312 2171 358 2204 de
377 2169 484 2204 obitu
502 2168 590 2203 PP.
615 2167 824 2202 Ledesmae
842 2168 878 2200 et
898 2165 1087 2211 sssajoris.

194 2266 297 2309 Alie
320 2266 409 2309 due
429 2265 588 2308 lettere
612 2262 770 2306 ultime
793 2261 837 2303 di
861 2262 916 2304 V.
945 2262 998 2303 R.
1027 2267 1188 2316 questo
1210 2263 1270 2303 ho
1299 2263 1384 2304 che
1412 2261 1732 2318 rispondergli.

108 2343 272 2396 Prima,
298 2341 516 2398 ringratio
544 2341 586 2384 ia
613 2339 768 2382 diuina
792 2340 966 2381 Maesta
989 2339 1072 2382 che
1094 2338 1136 2382 16
1164 2337 1237 2380 dia
1260 2339 1401 2391 forze,
1428 2353 1513 2381 con
1551 2339 1592 2382 le
1616 2339 1739 2394 quali

106 2421 299 2464 tuttauia
317 2435 365 2463 se
383 2421 602 2475 imprega,
623 2424 667 2461 et
685 2416 758 2461 nel
777 2415 900 2458 aiuto
918 2416 974 2457 de
991 2414 1149 2468 nostri,
1165 2415 1476 2459 consolandoli
1495 2430 1579 2459 con
1597 2417 1639 2459 16
1658 2432 1739 2460 sue

105 2497 405 2549 essortationi,
432 2504 477 2540 et
499 2496 573 2538 nel
595 2496 685 2539 ben
707 2492 906 2550 publico,
930 2492 1260 2548 procurandosi
1283 2494 1367 2536 che
1390 2494 1431 2536 le
1462 2508 1542 2536 sue
1573 2493 1741 2537 fatiche

102 2576 172 2618 del
196 2575 310 2617 libro
332 2575 449 2619 delle
472 2572 675 2629 imagini,
696 2571 864 2614 sicome
886 2569 1201 2621 desideriamo,
1223 2583 1327 2612 esca
1352 2569 1396 2612 in
1420 2570 1537 2613 luce.
1564 2571 1621 2612 Et
1641 2570 1738 2614 cosi

103 2652 159 2695 V.
186 2654 238 2695 R.
265 2654 395 2707 potra
417 2666 522 2693 usar
544 2649 589 2692 di
612 2648 717 2704 quei
739 2647 881 2691 mezzi
909 2648 993 2689 che
1023 2646 1257 2702 giudicara
1285 2646 1499 2703 migliori,
1526 2647 1739 2690 accioche

101 2729 131 2771 il
153 2729 266 2772 libro
288 2729 325 2772 si
348 2728 511 2784 stampi
533 2742 619 2770 con
641 2724 851 2781 maggior
873 2723 1049 2779 dignita
1071 2730 1116 2767 et
1139 2724 1354 2777 bellezza,
1380 2731 1425 2767 et
1448 2725 1672 2767 ancorche
1695 2724 1738 2766 io

100 2822 189 2850 non
212 2808 456 2850 manchero
479 2804 524 2847 di
547 2803 623 2860 qui
646 2802 691 2845 di
719 2801 1041 2845 raccomandar
1063 2807 1225 2856 questo
1248 2800 1434 2856 negotio
1464 2816 1488 2843 a
1517 2800 1661 2843 nostri
1691 2801 1735 2842 di

101 2883 309 2936 Fiandra,
335 2883 527 2926 affinche
550 2880 726 2924 saccino
748 2879 837 2922 co’l
866 2877 1077 2920 Piantino
1100 2877 1210 2934 ogni
1237 2877 1390 2921 debito
1419 2876 1586 2931 ufficio,
1620 2892 1734 2919 non—

173 2990 182 3010 ¹
235 2991 292 3024 Ex
307 2958 492 3035 Regesto‚
514 2986 607 3022 Cod.
626 2985 732 3032 33j),
747 2984 814 3020 fol.
831 2983 892 3029 35.
914 2984 958 3019 In
979 2983 1166 3029 margine:
1185 2984 1236 3019 Al
1252 2985 1300 3018 P.
1318 2983 1483 3019 Natctle.
1505 2982 1603 3017 Vide
1620 2982 1735 3028 epist.

103 3048 273 3093 585—587,
292 3048 433 3095 quibus
451 3047 514 3082 hic
532 3045 802 3093 respondetur.

282 3113 396 3141 Eptsr.
419 3112 456 3141 P.
479 3112 612 3145 NADAL,
634 3117 707 3137 τοΜ.
728 3108 790 3137 111.
1519 3106 1554 3133 45
