<?xml version="1.0" encoding="UTF-8"?>
<!DOCTYPE html PUBLIC "-//W3C//DTD XHTML 1.0 Transitional//EN"
    "http://www.w3.org/TR/xhtml1/DTD/xhtml1-transitional.dtd">
<html xmlns="http://www.w3.org/1999/xhtml" xml:lang="en" lang="en">
 <head>
  <title>
</title>
<meta http-equiv="Content-Type" content="text/html;charset=utf-8" />
  <meta name='ocr-system' content='tesseract 3.04.00' />
  <meta name='ocr-capabilities' content='ocr_page ocr_carea ocr_par ocr_line ocrx_word'/>
</head>
<body>
  <div class='ocr_page' id='page_1' title='image "./epistolaephieron10nada_0927.png"; bbox 0 0 2101 3348; ppageno 0'>
   <div class='ocr_carea' id='block_1_1' title="bbox 544 215 1766 266">
    <p class='ocr_par' dir='ltr' id='par_1_1' title="bbox 544 215 1766 266">
     <span class='ocr_line' id='line_1_1' title="bbox 544 215 1766 266; baseline 0.007 -18"><span class='ocrx_word' id='word_1_1' title='bbox 544 215 674 249; x_wconf 81' lang='lat' dir='ltr'>INDEX</span> <span class='ocrx_word' id='word_1_2' title='bbox 702 224 844 251; x_wconf 69' lang='lat' dir='ltr'>RERUM</span> <span class='ocrx_word' id='word_1_3' title='bbox 870 224 1153 253; x_wconf 75' lang='lat' dir='ltr'>PERSONARUM</span> <span class='ocrx_word' id='word_1_4' title='bbox 1181 228 1233 254; x_wconf 86' lang='lat' dir='ltr'>ET</span> <span class='ocrx_word' id='word_1_5' title='bbox 1260 228 1460 255; x_wconf 75' lang='lat' dir='ltr'>LocoRuM</span> <span class='ocrx_word' id='word_1_6' title='bbox 1698 220 1766 266; x_wconf 89' lang='lat'>887</span> 
     </span>
    </p>
   </div>
   <div class='ocr_carea' id='block_1_2' title="bbox 144 313 956 3033">
    <p class='ocr_par' dir='ltr' id='par_1_2' title="bbox 144 313 956 3033">
     <span class='ocr_line' id='line_1_2' title="bbox 217 313 956 364; baseline 0.008 -17"><span class='ocrx_word' id='word_1_7' title='bbox 217 313 556 350; x_wconf 84' lang='lat' dir='ltr'>commendatitias</span> <span class='ocrx_word' id='word_1_8' title='bbox 582 327 603 350; x_wconf 93' lang='lat' dir='ltr'>a</span> <span class='ocrx_word' id='word_1_9' title='bbox 626 327 719 362; x_wconf 90' lang='lat' dir='ltr'>rege</span> <span class='ocrx_word' id='word_1_10' title='bbox 744 317 956 364; x_wconf 84' lang='lat' dir='ltr'>Hispaniae</span> 
     </span>
     <span class='ocr_line' id='line_1_3' title="bbox 216 370 954 422; baseline 0.008 -17"><span class='ocrx_word' id='word_1_11' title='bbox 216 370 297 406; x_wconf 90' lang='lat' dir='ltr'>dari</span> <span class='ocrx_word' id='word_1_12' title='bbox 336 383 403 419; x_wconf 90' lang='lat' dir='ltr'>pro</span> <span class='ocrx_word' id='word_1_13' title='bbox 440 374 616 420; x_wconf 82' lang='lat' dir='ltr'>collegiis</span> <span class='ocrx_word' id='word_1_14' title='bbox 642 375 845 411; x_wconf 89' lang='lat' dir='ltr'>Flandriae</span> <span class='ocrx_word' id='word_1_15' title='bbox 869 387 954 422; x_wconf 85' lang='lat' dir='ltr'>pro-</span> 
     </span>
     <span class='ocr_line' id='line_1_4' title="bbox 215 432 951 480; baseline 0.01 -16"><span class='ocrx_word' id='word_1_16' title='bbox 215 436 341 477; x_wconf 89' lang='lat' dir='ltr'>curat,</span> <span class='ocrx_word' id='word_1_17' title='bbox 375 432 460 479; x_wconf 94' lang='grc'>600,</span> <span class='ocrx_word' id='word_1_18' title='bbox 491 434 575 480; x_wconf 87' lang='lat'>601,</span> <span class='ocrx_word' id='word_1_19' title='bbox 604 433 686 480; x_wconf 86' lang='grc'>634,</span> <span class='ocrx_word' id='word_1_20' title='bbox 720 435 877 470; x_wconf 91' lang='lat' dir='ltr'>domino</span> <span class='ocrx_word' id='word_1_21' title='bbox 903 435 951 470; x_wconf 91' lang='lat' dir='ltr'>de</span> 
     </span>
     <span class='ocr_line' id='line_1_5' title="bbox 213 490 950 542; baseline 0.008 -18"><span class='ocrx_word' id='word_1_22' title='bbox 213 490 388 526; x_wconf 88' lang='lat' dir='ltr'>Fonseca</span> <span class='ocrx_word' id='word_1_23' title='bbox 406 492 691 529; x_wconf 82' lang='lat' dir='ltr'>institutionem</span> <span class='ocrx_word' id='word_1_24' title='bbox 711 494 848 530; x_wconf 89' lang='lat' dir='ltr'>domus</span> <span class='ocrx_word' id='word_1_25' title='bbox 866 506 950 542; x_wconf 91' lang='lat' dir='ltr'>pro-</span> 
     </span>
     <span class='ocr_line' id='line_1_6' title="bbox 212 550 949 598; baseline 0.007 -14"><span class='ocrx_word' id='word_1_26' title='bbox 212 550 380 586; x_wconf 87' lang='lat' dir='ltr'>bationis</span> <span class='ocrx_word' id='word_1_27' title='bbox 411 562 479 598; x_wconf 91' lang='lat' dir='ltr'>pro</span> <span class='ocrx_word' id='word_1_28' title='bbox 509 552 720 588; x_wconf 79' lang='lat' dir='ltr'>Germania</span> <span class='ocrx_word' id='word_1_29' title='bbox 756 565 949 589; x_wconf 90' lang='lat' dir='ltr'>commen-</span> 
     </span>
     <span class='ocr_line' id='line_1_7' title="bbox 212 608 945 659; baseline 0.008 -16"><span class='ocrx_word' id='word_1_30' title='bbox 212 608 291 652; x_wconf 87' lang='lat' dir='ltr'>dat,</span> <span class='ocrx_word' id='word_1_31' title='bbox 321 610 404 654; x_wconf 84' lang='lat'>6113</span> <span class='ocrx_word' id='word_1_32' title='bbox 432 623 468 646; x_wconf 91' lang='lat' dir='ltr'>v.</span> <span class='ocrx_word' id='word_1_33' title='bbox 490 612 679 659; x_wconf 90' lang='lat' dir='ltr'>Fonseca,</span> <span class='ocrx_word' id='word_1_34' title='bbox 700 614 945 658; x_wconf 88' lang='lat' dir='ltr'>Franciscus;</span> 
     </span>
     <span class='ocr_line' id='line_1_8' title="bbox 208 668 947 720; baseline 0.009 -18"><span class='ocrx_word' id='word_1_35' title='bbox 208 679 230 702; x_wconf 83' lang='lat' dir='ltr'>a</span> <span class='ocrx_word' id='word_1_36' title='bbox 248 668 346 704; x_wconf 86' lang='lat' dir='ltr'>duce</span> <span class='ocrx_word' id='word_1_37' title='bbox 375 671 528 706; x_wconf 88' lang='lat' dir='ltr'>Albano</span> <span class='ocrx_word' id='word_1_38' title='bbox 559 673 771 708; x_wconf 87' lang='lat' dir='ltr'>honorifice</span> <span class='ocrx_word' id='word_1_39' title='bbox 802 674 947 720; x_wconf 83' lang='lat' dir='ltr'>excipi-</span> 
     </span>
     <span class='ocr_line' id='line_1_9' title="bbox 208 728 945 777; baseline 0.008 -15"><span class='ocrx_word' id='word_1_40' title='bbox 208 732 282 774; x_wconf 91' lang='lat' dir='ltr'>tur,</span> <span class='ocrx_word' id='word_1_41' title='bbox 303 728 385 774; x_wconf 88' lang='lat'>800,</span> <span class='ocrx_word' id='word_1_42' title='bbox 408 729 492 774; x_wconf 80' lang='lat'>8013</span> <span class='ocrx_word' id='word_1_43' title='bbox 521 731 768 777; x_wconf 89' lang='lat' dir='ltr'>Margaritam</span> <span class='ocrx_word' id='word_1_44' title='bbox 788 733 835 767; x_wconf 93' lang='lat' dir='ltr'>de</span> <span class='ocrx_word' id='word_1_45' title='bbox 857 734 945 768; x_wconf 89' lang='lat' dir='ltr'>Par-</span> 
     </span>
     <span class='ocr_line' id='line_1_10' title="bbox 207 787 945 835; baseline 0.009 -14"><span class='ocrx_word' id='word_1_46' title='bbox 207 798 268 822; x_wconf 87' lang='lat' dir='ltr'>ma</span> <span class='ocrx_word' id='word_1_47' title='bbox 288 787 434 835; x_wconf 91' lang='lat' dir='ltr'>visitat,</span> <span class='ocrx_word' id='word_1_48' title='bbox 468 789 551 835; x_wconf 90' lang='grc'>801;</span> <span class='ocrx_word' id='word_1_49' title='bbox 586 791 624 826; x_wconf 86' lang='grc'>111</span> <span class='ocrx_word' id='word_1_50' title='bbox 656 792 837 827; x_wconf 90' lang='lat' dir='ltr'>Flandria</span> <span class='ocrx_word' id='word_1_51' title='bbox 869 805 945 828; x_wconf 86' lang='lat' dir='ltr'>ma-</span> 
     </span>
     <span class='ocr_line' id='line_1_11' title="bbox 206 850 944 897; baseline 0.008 -16"><span class='ocrx_word' id='word_1_52' title='bbox 206 858 298 882; x_wconf 89' lang='lat' dir='ltr'>nere</span> <span class='ocrx_word' id='word_1_53' title='bbox 333 855 503 896; x_wconf 83' lang='lat' dir='ltr'>exoptat,</span> <span class='ocrx_word' id='word_1_54' title='bbox 526 850 614 897; x_wconf 88' lang='lat'>801,</span> <span class='ocrx_word' id='word_1_55' title='bbox 648 850 732 895; x_wconf 75' lang='grc'>802,</span> <span class='ocrx_word' id='word_1_56' title='bbox 766 851 871 886; x_wconf 90' lang='lat' dir='ltr'>varia</span> <span class='ocrx_word' id='word_1_57' title='bbox 895 852 944 887; x_wconf 92' lang='lat' dir='ltr'>de</span> 
     </span>
     <span class='ocr_line' id='line_1_12' title="bbox 205 906 942 954; baseline 0.008 -15"><span class='ocrx_word' id='word_1_58' title='bbox 205 906 354 941; x_wconf 84' lang='lat' dir='ltr'>Natalis</span> <span class='ocrx_word' id='word_1_59' title='bbox 391 908 429 942; x_wconf 92' lang='lat' dir='ltr'>in</span> <span class='ocrx_word' id='word_1_60' title='bbox 460 909 672 954; x_wconf 86' lang='lat' dir='ltr'>provinciis</span> <span class='ocrx_word' id='word_1_61' title='bbox 709 910 942 946; x_wconf 82' lang='lat' dir='ltr'>Germaniae</span> 
     </span>
     <span class='ocr_line' id='line_1_13' title="bbox 202 964 938 1016; baseline 0.01 -18"><span class='ocrx_word' id='word_1_62' title='bbox 202 964 431 1012; x_wconf 78' lang='lat' dir='ltr'>ministerio,</span> <span class='ocrx_word' id='word_1_63' title='bbox 456 967 533 1013; x_wconf 86' lang='lat'>123,</span> <span class='ocrx_word' id='word_1_64' title='bbox 559 968 638 1015; x_wconf 83' lang='lat'>137,</span> <span class='ocrx_word' id='word_1_65' title='bbox 664 978 741 1014; x_wconf 92' lang='grc'>141,</span> <span class='ocrx_word' id='word_1_66' title='bbox 770 970 831 1004; x_wconf 86' lang='grc'>161</span> <span class='ocrx_word' id='word_1_67' title='bbox 860 969 938 1016; x_wconf 98' lang='grc'>163,</span> 
     </span>
     <span class='ocr_line' id='line_1_14' title="bbox 207 1024 938 1073; baseline 0.007 -15"><span class='ocrx_word' id='word_1_68' title='bbox 207 1024 287 1070; x_wconf 87' lang='lat'>167,</span> <span class='ocrx_word' id='word_1_69' title='bbox 317 1033 393 1071; x_wconf 82' lang='lat'>175,</span> <span class='ocrx_word' id='word_1_70' title='bbox 420 1026 499 1072; x_wconf 84' lang='lat'>182,</span> <span class='ocrx_word' id='word_1_71' title='bbox 523 1027 600 1073; x_wconf 87' lang='grc'>186,</span> <span class='ocrx_word' id='word_1_72' title='bbox 639 1036 717 1072; x_wconf 90' lang='grc'>194,</span> <span class='ocrx_word' id='word_1_73' title='bbox 751 1036 835 1072; x_wconf 94' lang='grc'>207,</span> <span class='ocrx_word' id='word_1_74' title='bbox 856 1028 938 1072; x_wconf 88' lang='lat'>208,</span> 
     </span>
     <span class='ocr_line' id='line_1_15' title="bbox 203 1082 938 1133; baseline 0.007 -17"><span class='ocrx_word' id='word_1_75' title='bbox 203 1082 284 1129; x_wconf 89' lang='lat'>216,</span> <span class='ocrx_word' id='word_1_76' title='bbox 308 1083 389 1129; x_wconf 88' lang='grc'>286,</span> <span class='ocrx_word' id='word_1_77' title='bbox 409 1084 488 1130; x_wconf 88' lang='grc'>287,</span> <span class='ocrx_word' id='word_1_78' title='bbox 519 1084 602 1128; x_wconf 93' lang='grc'>322,</span> <span class='ocrx_word' id='word_1_79' title='bbox 635 1085 719 1132; x_wconf 92' lang='grc'>324,</span> <span class='ocrx_word' id='word_1_80' title='bbox 751 1085 835 1133; x_wconf 82' lang='grc'>342,</span> <span class='ocrx_word' id='word_1_81' title='bbox 855 1086 938 1133; x_wconf 91' lang='grc'>346,</span> 
     </span>
     <span class='ocr_line' id='line_1_16' title="bbox 201 1140 937 1193; baseline 0.007 -18"><span class='ocrx_word' id='word_1_82' title='bbox 201 1140 284 1188; x_wconf 94' lang='grc'>347,</span> <span class='ocrx_word' id='word_1_83' title='bbox 305 1141 388 1189; x_wconf 87' lang='grc'>358,</span> <span class='ocrx_word' id='word_1_84' title='bbox 413 1142 497 1190; x_wconf 90' lang='grc'>362,</span> <span class='ocrx_word' id='word_1_85' title='bbox 518 1143 600 1190; x_wconf 84' lang='grc'>370,</span> <span class='ocrx_word' id='word_1_86' title='bbox 622 1144 703 1190; x_wconf 91' lang='grc'>371,</span> <span class='ocrx_word' id='word_1_87' title='bbox 738 1144 820 1190; x_wconf 91' lang='grc'>372,</span> <span class='ocrx_word' id='word_1_88' title='bbox 854 1145 937 1193; x_wconf 93' lang='grc'>374,</span> 
     </span>
     <span class='ocr_line' id='line_1_17' title="bbox 201 1200 934 1252; baseline 0.007 -6"><span class='ocrx_word' id='word_1_89' title='bbox 201 1200 283 1246; x_wconf 86' lang='grc'>378,</span> <span class='ocrx_word' id='word_1_90' title='bbox 310 1211 395 1248; x_wconf 81' lang='lat'>401,</span> <span class='ocrx_word' id='word_1_91' title='bbox 414 1202 497 1249; x_wconf 88' lang='grc'>433,</span> <span class='ocrx_word' id='word_1_92' title='bbox 528 1203 612 1250; x_wconf 90' lang='grc'>434,</span> <span class='ocrx_word' id='word_1_93' title='bbox 633 1203 715 1250; x_wconf 75' lang='grc'>436,</span> <span class='ocrx_word' id='word_1_94' title='bbox 741 1204 825 1251; x_wconf 85' lang='grc'>437,</span> <span class='ocrx_word' id='word_1_95' title='bbox 854 1205 934 1252; x_wconf 80' lang='grc'>588,</span> 
     </span>
     <span class='ocr_line' id='line_1_18' title="bbox 200 1261 936 1310; baseline 0.007 -14"><span class='ocrx_word' id='word_1_96' title='bbox 200 1261 281 1307; x_wconf 90' lang='grc'>589,</span> <span class='ocrx_word' id='word_1_97' title='bbox 300 1261 385 1309; x_wconf 88' lang='grc'>603,</span> <span class='ocrx_word' id='word_1_98' title='bbox 413 1262 564 1298; x_wconf 90' lang='lat' dir='ltr'>Galliae</span> <span class='ocrx_word' id='word_1_99' title='bbox 591 1264 665 1298; x_wconf 91' lang='lat' dir='ltr'>iter</span> <span class='ocrx_word' id='word_1_100' title='bbox 694 1270 782 1310; x_wconf 90' lang='lat' dir='ltr'>post</span> <span class='ocrx_word' id='word_1_101' title='bbox 801 1266 936 1310; x_wconf 90' lang='lat' dir='ltr'>longas</span> 
     </span>
     <span class='ocr_line' id='line_1_19' title="bbox 199 1322 932 1371; baseline 0.003 -15"><span class='ocrx_word' id='word_1_102' title='bbox 199 1333 326 1357; x_wconf 85' lang='lat' dir='ltr'>moras</span> <span class='ocrx_word' id='word_1_103' title='bbox 357 1322 513 1357; x_wconf 89' lang='lat' dir='ltr'>tandem</span> <span class='ocrx_word' id='word_1_104' title='bbox 544 1322 695 1369; x_wconf 82' lang='lat' dir='ltr'>arripit,</span> <span class='ocrx_word' id='word_1_105' title='bbox 731 1331 818 1369; x_wconf 89' lang='grc'>247,</span> <span class='ocrx_word' id='word_1_106' title='bbox 852 1324 932 1371; x_wconf 89' lang='grc'>281,</span> 
     </span>
     <span class='ocr_line' id='line_1_20' title="bbox 199 1380 932 1430; baseline 0.003 -4"><span class='ocrx_word' id='word_1_107' title='bbox 199 1380 282 1427; x_wconf 92' lang='grc'>553,</span> <span class='ocrx_word' id='word_1_108' title='bbox 302 1382 386 1428; x_wconf 76' lang='grc'>594,</span> <span class='ocrx_word' id='word_1_109' title='bbox 413 1390 495 1428; x_wconf 86' lang='grc'>579,</span> <span class='ocrx_word' id='word_1_110' title='bbox 526 1391 609 1428; x_wconf 89' lang='grc'>594,</span> <span class='ocrx_word' id='word_1_111' title='bbox 635 1390 716 1429; x_wconf 91' lang='grc'>597,</span> <span class='ocrx_word' id='word_1_112' title='bbox 745 1383 826 1430; x_wconf 83' lang='grc'>598,</span> <span class='ocrx_word' id='word_1_113' title='bbox 848 1383 932 1428; x_wconf 81' lang='grc'>698;</span> 
     </span>
     <span class='ocr_line' id='line_1_21' title="bbox 196 1440 933 1488; baseline 0.004 -13"><span class='ocrx_word' id='word_1_114' title='bbox 196 1440 486 1487; x_wconf 86' lang='lat' dir='ltr'>provinciarum</span> <span class='ocrx_word' id='word_1_115' title='bbox 533 1441 684 1476; x_wconf 90' lang='lat' dir='ltr'>Galliae</span> <span class='ocrx_word' id='word_1_116' title='bbox 741 1442 933 1488; x_wconf 82' lang='lat' dir='ltr'>inspectio</span> 
     </span>
     <span class='ocr_line' id='line_1_22' title="bbox 194 1500 932 1548; baseline 0.004 -13"><span class='ocrx_word' id='word_1_117' title='bbox 194 1500 323 1535; x_wconf 90' lang='lat' dir='ltr'>Natali</span> <span class='ocrx_word' id='word_1_118' title='bbox 338 1501 607 1547; x_wconf 76' lang='lat' dir='ltr'>committitur,</span> <span class='ocrx_word' id='word_1_119' title='bbox 623 1502 707 1548; x_wconf 87' lang='grc'>605,</span> <span class='ocrx_word' id='word_1_120' title='bbox 730 1507 800 1537; x_wconf 87' lang='lat' dir='ltr'>-et</span> <span class='ocrx_word' id='word_1_121' title='bbox 815 1503 932 1538; x_wconf 90' lang='lat' dir='ltr'>comi-</span> 
     </span>
     <span class='ocr_line' id='line_1_23' title="bbox 195 1559 930 1609; baseline 0.003 -14"><span class='ocrx_word' id='word_1_122' title='bbox 195 1559 248 1595; x_wconf 90' lang='lat' dir='ltr'>tia</span> <span class='ocrx_word' id='word_1_123' title='bbox 284 1561 508 1607; x_wconf 90' lang='lat' dir='ltr'>provinciae</span> <span class='ocrx_word' id='word_1_124' title='bbox 544 1561 800 1608; x_wconf 84' lang='lat' dir='ltr'>Aquitaniae,</span> <span class='ocrx_word' id='word_1_125' title='bbox 845 1562 930 1609; x_wconf 86' lang='lat'>609,</span> 
     </span>
     <span class='ocr_line' id='line_1_24' title="bbox 192 1619 928 1666; baseline 0.003 -12"><span class='ocrx_word' id='word_1_126' title='bbox 192 1620 281 1666; x_wconf 90' lang='lat'>616,</span> <span class='ocrx_word' id='word_1_127' title='bbox 316 1619 405 1666; x_wconf 82' lang='lat'>6313</span> <span class='ocrx_word' id='word_1_128' title='bbox 441 1621 656 1666; x_wconf 86' lang='lat' dir='ltr'>Augerium</span> <span class='ocrx_word' id='word_1_129' title='bbox 692 1621 818 1656; x_wconf 84' lang='lat' dir='ltr'>officio</span> <span class='ocrx_word' id='word_1_130' title='bbox 853 1632 928 1657; x_wconf 93' lang='lat' dir='ltr'>non</span> 
     </span>
     <span class='ocr_line' id='line_1_25' title="bbox 190 1679 928 1726; baseline 0.003 -12"><span class='ocrx_word' id='word_1_131' title='bbox 190 1679 450 1714; x_wconf 90' lang='lat' dir='ltr'>amovendum</span> <span class='ocrx_word' id='word_1_132' title='bbox 469 1685 618 1726; x_wconf 89' lang='lat' dir='ltr'>censet,</span> <span class='ocrx_word' id='word_1_133' title='bbox 633 1681 717 1725; x_wconf 82' lang='lat'>6093</span> <span class='ocrx_word' id='word_1_134' title='bbox 734 1680 928 1716; x_wconf 89' lang='lat' dir='ltr'>Maldona-</span> 
     </span>
     <span class='ocr_line' id='line_1_26' title="bbox 189 1738 925 1785; baseline 0.001 -12"><span class='ocrx_word' id='word_1_135' title='bbox 189 1743 271 1774; x_wconf 91' lang='lat' dir='ltr'>tum</span> <span class='ocrx_word' id='word_1_136' title='bbox 287 1738 444 1774; x_wconf 87' lang='lat' dir='ltr'>Parisiis</span> <span class='ocrx_word' id='word_1_137' title='bbox 468 1739 629 1774; x_wconf 88' lang='lat' dir='ltr'>retineri</span> <span class='ocrx_word' id='word_1_138' title='bbox 656 1739 811 1785; x_wconf 81' lang='lat' dir='ltr'>satagit,</span> <span class='ocrx_word' id='word_1_139' title='bbox 840 1739 925 1783; x_wconf 81' lang='lat'>6133</span> 
     </span>
     <span class='ocr_line' id='line_1_27' title="bbox 187 1798 923 1846; baseline 0.001 -13"><span class='ocrx_word' id='word_1_140' title='bbox 187 1798 368 1834; x_wconf 83' lang='lat' dir='ltr'>Tolosam</span> <span class='ocrx_word' id='word_1_141' title='bbox 383 1799 489 1834; x_wconf 89' lang='lat' dir='ltr'>adire</span> <span class='ocrx_word' id='word_1_142' title='bbox 504 1811 581 1834; x_wconf 88' lang='lat' dir='ltr'>non</span> <span class='ocrx_word' id='word_1_143' title='bbox 596 1804 736 1846; x_wconf 88' lang='lat' dir='ltr'>potest,</span> <span class='ocrx_word' id='word_1_144' title='bbox 747 1799 830 1846; x_wconf 87' lang='lat'>616,</span> <span class='ocrx_word' id='word_1_145' title='bbox 841 1799 923 1845; x_wconf 88' lang='lat'>617,</span> 
     </span>
     <span class='ocr_line' id='line_1_28' title="bbox 185 1857 925 1904; baseline 0.003 -12"><span class='ocrx_word' id='word_1_146' title='bbox 185 1857 269 1901; x_wconf 82' lang='lat'>6363</span> <span class='ocrx_word' id='word_1_147' title='bbox 290 1858 438 1904; x_wconf 88' lang='lat' dir='ltr'>visitat,</span> <span class='ocrx_word' id='word_1_148' title='bbox 464 1863 503 1893; x_wconf 91' lang='lat' dir='ltr'>et</span> <span class='ocrx_word' id='word_1_149' title='bbox 533 1857 685 1893; x_wconf 88' lang='lat' dir='ltr'>ordinat</span> <span class='ocrx_word' id='word_1_150' title='bbox 715 1858 925 1904; x_wconf 84' lang='lat' dir='ltr'>collegium</span> 
     </span>
     <span class='ocr_line' id='line_1_29' title="bbox 186 1917 924 1964; baseline 0.001 -12"><span class='ocrx_word' id='word_1_151' title='bbox 186 1917 414 1964; x_wconf 84' lang='lat' dir='ltr'>parisiense,</span> <span class='ocrx_word' id='word_1_152' title='bbox 434 1917 514 1964; x_wconf 90' lang='grc'>620,</span> <span class='ocrx_word' id='word_1_153' title='bbox 543 1918 627 1963; x_wconf 90' lang='grc'>621,</span> <span class='ocrx_word' id='word_1_154' title='bbox 652 1917 735 1964; x_wconf 89' lang='grc'>808,</span> <span class='ocrx_word' id='word_1_155' title='bbox 756 1917 840 1963; x_wconf 87' lang='grc'>809;</span> <span class='ocrx_word' id='word_1_156' title='bbox 864 1918 924 1953; x_wconf 86' lang='lat' dir='ltr'>iti-</span> 
     </span>
     <span class='ocr_line' id='line_1_30' title="bbox 185 1977 920 2025; baseline -0.001 -13"><span class='ocrx_word' id='word_1_157' title='bbox 185 1989 276 2012; x_wconf 86' lang='lat' dir='ltr'>nera</span> <span class='ocrx_word' id='word_1_158' title='bbox 287 1989 353 2024; x_wconf 87' lang='lat' dir='ltr'>per</span> <span class='ocrx_word' id='word_1_159' title='bbox 362 1977 542 2019; x_wconf 84' lang='lat' dir='ltr'>Galliam,</span> <span class='ocrx_word' id='word_1_160' title='bbox 558 1977 729 2023; x_wconf 82' lang='grc'>622624,</span> <span class='ocrx_word' id='word_1_161' title='bbox 749 1977 920 2025; x_wconf 86' lang='grc'>626-628,</span> 
     </span>
     <span class='ocr_line' id='line_1_31' title="bbox 182 2036 920 2083; baseline 0.003 -12"><span class='ocrx_word' id='word_1_162' title='bbox 182 2036 266 2083; x_wconf 90' lang='grc'>633,</span> <span class='ocrx_word' id='word_1_163' title='bbox 285 2036 369 2083; x_wconf 88' lang='grc'>634,</span> <span class='ocrx_word' id='word_1_164' title='bbox 389 2036 472 2083; x_wconf 87' lang='grc'>637,</span> <span class='ocrx_word' id='word_1_165' title='bbox 493 2037 577 2083; x_wconf 88' lang='grc'>639,</span> <span class='ocrx_word' id='word_1_166' title='bbox 597 2037 680 2082; x_wconf 87' lang='grc'>640;</span> <span class='ocrx_word' id='word_1_167' title='bbox 702 2037 920 2073; x_wconf 90' lang='lat' dir='ltr'>Virdunum</span> 
     </span>
     <span class='ocr_line' id='line_1_32' title="bbox 182 2096 919 2143; baseline -0.001 -12"><span class='ocrx_word' id='word_1_168' title='bbox 182 2097 230 2131; x_wconf 89' lang='lat' dir='ltr'>ab</span> <span class='ocrx_word' id='word_1_169' title='bbox 249 2096 431 2143; x_wconf 82' lang='lat' dir='ltr'>episcopo</span> <span class='ocrx_word' id='word_1_170' title='bbox 449 2101 697 2142; x_wconf 84' lang='lat' dir='ltr'>convocatur,</span> <span class='ocrx_word' id='word_1_171' title='bbox 725 2104 808 2140; x_wconf 80' lang='lat'>4523</span> <span class='ocrx_word' id='word_1_172' title='bbox 830 2108 919 2131; x_wconf 91' lang='lat' dir='ltr'>cum</span> 
     </span>
     <span class='ocr_line' id='line_1_33' title="bbox 181 2155 918 2203; baseline 0 -12"><span class='ocrx_word' id='word_1_173' title='bbox 181 2156 318 2191; x_wconf 90' lang='lat' dir='ltr'>eodem</span> <span class='ocrx_word' id='word_1_174' title='bbox 337 2167 382 2191; x_wconf 92' lang='lat' dir='ltr'>eo</span> <span class='ocrx_word' id='word_1_175' title='bbox 396 2156 591 2203; x_wconf 91' lang='lat' dir='ltr'>pervenit,</span> <span class='ocrx_word' id='word_1_176' title='bbox 608 2155 690 2199; x_wconf 84' lang='lat'>6213</span> <span class='ocrx_word' id='word_1_177' title='bbox 708 2156 918 2201; x_wconf 84' lang='lat' dir='ltr'>collegium</span> 
     </span>
     <span class='ocr_line' id='line_1_34' title="bbox 180 2215 918 2262; baseline 0.001 -13"><span class='ocrx_word' id='word_1_178' title='bbox 180 2215 338 2257; x_wconf 82' lang='lat' dir='ltr'>visitat,</span> <span class='ocrx_word' id='word_1_179' title='bbox 369 2215 496 2251; x_wconf 91' lang='lat' dir='ltr'>socios</span> <span class='ocrx_word' id='word_1_180' title='bbox 534 2215 708 2262; x_wconf 89' lang='lat' dir='ltr'>periculo</span> <span class='ocrx_word' id='word_1_181' title='bbox 745 2215 918 2260; x_wconf 83' lang='lat' dir='ltr'>contagii</span> 
     </span>
     <span class='ocr_line' id='line_1_35' title="bbox 178 2273 916 2321; baseline 0 -12"><span class='ocrx_word' id='word_1_182' title='bbox 178 2275 306 2321; x_wconf 87' lang='lat' dir='ltr'>eripit,</span> <span class='ocrx_word' id='word_1_183' title='bbox 323 2274 404 2321; x_wconf 82' lang='lat'>621,</span> <span class='ocrx_word' id='word_1_184' title='bbox 426 2275 510 2318; x_wconf 82' lang='lat'>6223</span> <span class='ocrx_word' id='word_1_185' title='bbox 532 2273 829 2310; x_wconf 86' lang='lat' dir='ltr'>Camberiacum</span> <span class='ocrx_word' id='word_1_186' title='bbox 852 2286 916 2309; x_wconf 87' lang='lat' dir='ltr'>ve-</span> 
     </span>
     <span class='ocr_line' id='line_1_36' title="bbox 178 2333 911 2380; baseline 0 -11"><span class='ocrx_word' id='word_1_187' title='bbox 178 2334 254 2380; x_wconf 88' lang='lat' dir='ltr'>nit,</span> <span class='ocrx_word' id='word_1_188' title='bbox 287 2335 376 2379; x_wconf 88' lang='grc'>627;</span> <span class='ocrx_word' id='word_1_189' title='bbox 413 2334 568 2379; x_wconf 82' lang='lat' dir='ltr'>collegii</span> <span class='ocrx_word' id='word_1_190' title='bbox 605 2333 911 2380; x_wconf 85' lang='lat' dir='ltr'>informationes,</span> 
     </span>
     <span class='ocr_line' id='line_1_37' title="bbox 175 2393 911 2440; baseline 0.001 -12"><span class='ocrx_word' id='word_1_191' title='bbox 175 2394 255 2440; x_wconf 87' lang='grc'>628,</span> <span class='ocrx_word' id='word_1_192' title='bbox 288 2395 377 2438; x_wconf 69' lang='grc'>629,</span> <span class='ocrx_word' id='word_1_193' title='bbox 411 2394 643 2439; x_wconf 88' lang='lat' dir='ltr'>Lugdunum</span> <span class='ocrx_word' id='word_1_194' title='bbox 675 2405 717 2428; x_wconf 90' lang='lat' dir='ltr'>se</span> <span class='ocrx_word' id='word_1_195' title='bbox 747 2393 911 2440; x_wconf 85' lang='lat' dir='ltr'>confert,</span> 
     </span>
     <span class='ocr_line' id='line_1_38' title="bbox 173 2452 912 2500; baseline 0 -12"><span class='ocrx_word' id='word_1_196' title='bbox 173 2453 256 2500; x_wconf 85' lang='grc'>631,</span> <span class='ocrx_word' id='word_1_197' title='bbox 278 2452 361 2497; x_wconf 86' lang='grc'>633;</span> <span class='ocrx_word' id='word_1_198' title='bbox 382 2453 620 2488; x_wconf 83' lang='lat' dir='ltr'>fundationis</span> <span class='ocrx_word' id='word_1_199' title='bbox 639 2452 796 2498; x_wconf 89' lang='lat' dir='ltr'>collegii</span> <span class='ocrx_word' id='word_1_200' title='bbox 815 2454 912 2488; x_wconf 89' lang='lat' dir='ltr'>ratio</span> 
     </span>
     <span class='ocr_line' id='line_1_39' title="bbox 175 2512 910 2559; baseline 0 -11"><span class='ocrx_word' id='word_1_201' title='bbox 175 2525 252 2548; x_wconf 92' lang='lat' dir='ltr'>non</span> <span class='ocrx_word' id='word_1_202' title='bbox 268 2513 323 2548; x_wconf 89' lang='lat' dir='ltr'>illi</span> <span class='ocrx_word' id='word_1_203' title='bbox 339 2515 477 2559; x_wconf 88' lang='lat' dir='ltr'>placet,</span> <span class='ocrx_word' id='word_1_204' title='bbox 495 2513 577 2556; x_wconf 84' lang='lat'>6203</span> <span class='ocrx_word' id='word_1_205' title='bbox 593 2512 839 2547; x_wconf 86' lang='lat' dir='ltr'>Avenionem</span> <span class='ocrx_word' id='word_1_206' title='bbox 855 2512 910 2548; x_wconf 92' lang='lat' dir='ltr'>ire</span> 
     </span>
     <span class='ocr_line' id='line_1_40' title="bbox 175 2572 909 2618; baseline 0 -11"><span class='ocrx_word' id='word_1_207' title='bbox 175 2572 411 2618; x_wconf 84' lang='lat' dir='ltr'>prohibetur,</span> <span class='ocrx_word' id='word_1_208' title='bbox 430 2572 512 2616; x_wconf 79' lang='lat'>6363</span> <span class='ocrx_word' id='word_1_209' title='bbox 530 2572 680 2607; x_wconf 90' lang='lat' dir='ltr'>Galliae</span> <span class='ocrx_word' id='word_1_210' title='bbox 700 2572 909 2618; x_wconf 90' lang='lat' dir='ltr'>provinciis</span> 
     </span>
     <span class='ocr_line' id='line_1_41' title="bbox 173 2631 906 2678; baseline 0 -12"><span class='ocrx_word' id='word_1_211' title='bbox 173 2632 340 2666; x_wconf 88' lang='lat' dir='ltr'>sollicite</span> <span class='ocrx_word' id='word_1_212' title='bbox 371 2631 568 2678; x_wconf 83' lang='lat' dir='ltr'>prospicit,</span> <span class='ocrx_word' id='word_1_213' title='bbox 603 2640 685 2677; x_wconf 85' lang='lat'>219,</span> <span class='ocrx_word' id='word_1_214' title='bbox 715 2631 797 2678; x_wconf 92' lang='lat'>613,</span> <span class='ocrx_word' id='word_1_215' title='bbox 823 2631 906 2678; x_wconf 74' lang='lat'>6143</span> 
     </span>
     <span class='ocr_line' id='line_1_42' title="bbox 172 2690 908 2737; baseline 0.001 -12"><span class='ocrx_word' id='word_1_216' title='bbox 172 2691 318 2726; x_wconf 87' lang='lat' dir='ltr'>Rornae</span> <span class='ocrx_word' id='word_1_217' title='bbox 338 2696 577 2737; x_wconf 83' lang='lat' dir='ltr'>expectatur,</span> <span class='ocrx_word' id='word_1_218' title='bbox 596 2690 725 2726; x_wconf 88' lang='lat' dir='ltr'>itineri</span> <span class='ocrx_word' id='word_1_219' title='bbox 744 2703 786 2726; x_wconf 89' lang='lat' dir='ltr'>se</span> <span class='ocrx_word' id='word_1_220' title='bbox 805 2703 908 2726; x_wconf 90' lang='lat' dir='ltr'>com-</span> 
     </span>
     <span class='ocr_line' id='line_1_43' title="bbox 172 2748 906 2794; baseline 0.001 -11"><span class='ocrx_word' id='word_1_221' title='bbox 172 2748 304 2794; x_wconf 88' lang='lat' dir='ltr'>mittit,</span> <span class='ocrx_word' id='word_1_222' title='bbox 331 2748 539 2793; x_wconf 88' lang='lat' dir='ltr'>collegium</span> <span class='ocrx_word' id='word_1_223' title='bbox 571 2749 794 2784; x_wconf 87' lang='lat' dir='ltr'>taurinense</span> <span class='ocrx_word' id='word_1_224' title='bbox 825 2750 906 2784; x_wconf 88' lang='lat' dir='ltr'>obi-</span> 
     </span>
     <span class='ocr_line' id='line_1_44' title="bbox 171 2807 902 2855; baseline 0 -12"><span class='ocrx_word' id='word_1_225' title='bbox 171 2813 230 2844; x_wconf 90' lang='lat' dir='ltr'>ter</span> <span class='ocrx_word' id='word_1_226' title='bbox 250 2807 394 2850; x_wconf 82' lang='lat' dir='ltr'>visitat,</span> <span class='ocrx_word' id='word_1_227' title='bbox 418 2817 497 2855; x_wconf 85' lang='lat'>579,</span> <span class='ocrx_word' id='word_1_228' title='bbox 520 2809 602 2852; x_wconf 89' lang='grc'>616,</span> <span class='ocrx_word' id='word_1_229' title='bbox 617 2810 700 2855; x_wconf 89' lang='grc'>617,</span> <span class='ocrx_word' id='word_1_230' title='bbox 721 2809 804 2855; x_wconf 86' lang='grc'>636,</span> <span class='ocrx_word' id='word_1_231' title='bbox 819 2808 902 2844; x_wconf 87' lang='grc'>638.</span> 
     </span>
     <span class='ocr_line' id='line_1_45' title="bbox 144 2868 903 2916; baseline 0.003 -14"><span class='ocrx_word' id='word_1_232' title='bbox 144 2888 166 2894; x_wconf 89' lang='grc'><strong>-</strong></span> <span class='ocrx_word' id='word_1_233' title='bbox 194 2878 230 2912; x_wconf 76' lang='lat'>3.</span> <span class='ocrx_word' id='word_1_234' title='bbox 257 2868 407 2903; x_wconf 81' lang='lat' dir='ltr'>Romae</span> <span class='ocrx_word' id='word_1_235' title='bbox 430 2868 608 2903; x_wconf 74' lang='lat' dir='ltr'>vicarius</span> <span class='ocrx_word' id='word_1_236' title='bbox 634 2870 828 2916; x_wconf 81' lang='lat' dir='ltr'>Borgiae;</span> <span class='ocrx_word' id='word_1_237' title='bbox 850 2880 903 2904; x_wconf 83' lang='lat' dir='ltr'>se-</span> 
     </span>
     <span class='ocr_line' id='line_1_46' title="bbox 167 2927 902 2963; baseline 0.001 -1"><span class='ocrx_word' id='word_1_238' title='bbox 167 2939 242 2962; x_wconf 80' lang='lat' dir='ltr'>nex</span> <span class='ocrx_word' id='word_1_239' title='bbox 268 2927 310 2962; x_wconf 81' lang='lat' dir='ltr'>in</span> <span class='ocrx_word' id='word_1_240' title='bbox 341 2927 583 2963; x_wconf 76' lang='lat' dir='ltr'>Germania.</span> <span class='ocrx_word' id='word_1_241' title='bbox 614 2929 790 2963; x_wconf 88' lang='lat' dir='ltr'>Absente</span> <span class='ocrx_word' id='word_1_242' title='bbox 813 2929 902 2963; x_wconf 84' lang='lat' dir='ltr'>Bor-</span> 
     </span>
     <span class='ocr_line' id='line_1_47' title="bbox 166 2986 901 3033; baseline 0.001 -12"><span class='ocrx_word' id='word_1_243' title='bbox 166 2986 241 3033; x_wconf 83' lang='lat' dir='ltr'>gia,</span> <span class='ocrx_word' id='word_1_244' title='bbox 264 2986 399 3022; x_wconf 88' lang='lat' dir='ltr'>vicarii</span> <span class='ocrx_word' id='word_1_245' title='bbox 416 2988 611 3033; x_wconf 88' lang='lat' dir='ltr'>generalis</span> <span class='ocrx_word' id='word_1_246' title='bbox 631 2999 789 3023; x_wconf 91' lang='lat' dir='ltr'>munere</span> <span class='ocrx_word' id='word_1_247' title='bbox 817 2987 901 3022; x_wconf 85' lang='lat' dir='ltr'>fun-</span> 
     </span>
    </p>
   </div>
   <div class='ocr_carea' id='block_1_3' title="bbox 165 3046 897 3093">
    <p class='ocr_par' dir='ltr' id='par_1_3' title="bbox 165 3046 897 3093">
     <span class='ocr_line' id='line_1_48' title="bbox 165 3046 897 3093; baseline 0 -12"><span class='ocrx_word' id='word_1_248' title='bbox 165 3046 283 3092; x_wconf 85' lang='lat' dir='ltr'>gitur,</span> <span class='ocrx_word' id='word_1_249' title='bbox 302 3047 473 3092; x_wconf 84' lang='grc'>648-662,</span> <span class='ocrx_word' id='word_1_250' title='bbox 493 3047 676 3093; x_wconf 84' lang='grc'>814,·816,</span> <span class='ocrx_word' id='word_1_251' title='bbox 704 3047 786 3092; x_wconf 72' lang='grc'>852,</span> <span class='ocrx_word' id='word_1_252' title='bbox 813 3058 897 3082; x_wconf 83' lang='lat' dir='ltr'>san-</span> 
     </span>
    </p>
   </div>
   <div class='ocr_carea' id='block_1_4' title="bbox 1021 320 1814 3080">
    <p class='ocr_par' dir='ltr' id='par_1_4' title="bbox 1021 320 1814 3080">
     <span class='ocr_line' id='line_1_49' title="bbox 1077 320 1811 368; baseline 0.005 -14"><span class='ocrx_word' id='word_1_253' title='bbox 1077 324 1227 355; x_wconf 90' lang='lat' dir='ltr'>ctorum</span> <span class='ocrx_word' id='word_1_254' title='bbox 1252 320 1434 367; x_wconf 87' lang='lat' dir='ltr'>reliquias</span> <span class='ocrx_word' id='word_1_255' title='bbox 1460 320 1627 366; x_wconf 88' lang='lat' dir='ltr'>collegio</span> <span class='ocrx_word' id='word_1_256' title='bbox 1658 321 1811 368; x_wconf 89' lang='lat' dir='ltr'>majori-</span> 
     </span>
     <span class='ocr_line' id='line_1_50' title="bbox 1074 378 1814 425; baseline 0.005 -12"><span class='ocrx_word' id='word_1_257' title='bbox 1074 378 1182 413; x_wconf 90' lang='lat' dir='ltr'>censi</span> <span class='ocrx_word' id='word_1_258' title='bbox 1203 379 1334 425; x_wconf 88' lang='lat' dir='ltr'>mittit,</span> <span class='ocrx_word' id='word_1_259' title='bbox 1361 379 1534 425; x_wconf 85' lang='grc'>649-651;</span> <span class='ocrx_word' id='word_1_260' title='bbox 1561 379 1598 415; x_wconf 84' lang='grc'>61</span> <span class='ocrx_word' id='word_1_261' title='bbox 1625 381 1669 415; x_wconf 88' lang='grc' dir='ltr'>Β.</span> <span class='ocrx_word' id='word_1_262' title='bbox 1698 381 1814 417; x_wconf 87' lang='lat' dir='ltr'>Cani-</span> 
     </span>
     <span class='ocr_line' id='line_1_51' title="bbox 1075 437 1811 487; baseline 0.004 -14"><span class='ocrx_word' id='word_1_263' title='bbox 1075 437 1155 473; x_wconf 87' lang='lat' dir='ltr'>sius</span> <span class='ocrx_word' id='word_1_264' title='bbox 1186 438 1235 473; x_wconf 90' lang='lat' dir='ltr'>de</span> <span class='ocrx_word' id='word_1_265' title='bbox 1264 439 1390 474; x_wconf 85' lang='lat' dir='ltr'>officio</span> <span class='ocrx_word' id='word_1_266' title='bbox 1418 438 1551 473; x_wconf 89' lang='lat' dir='ltr'>vicarii</span> <span class='ocrx_word' id='word_1_267' title='bbox 1577 441 1811 487; x_wconf 87' lang='lat' dir='ltr'>gratulatur,</span> 
     </span>
     <span class='ocr_line' id='line_1_52' title="bbox 1073 496 1811 544; baseline 0.007 -14"><span class='ocrx_word' id='word_1_268' title='bbox 1073 496 1157 540; x_wconf 84' lang='lat'>651,</span> <span class='ocrx_word' id='word_1_269' title='bbox 1185 497 1266 544; x_wconf 88' lang='grc'>652,</span> <span class='ocrx_word' id='word_1_270' title='bbox 1302 498 1347 532; x_wconf 85' lang='grc' dir='ltr'>Ρ.</span> <span class='ocrx_word' id='word_1_271' title='bbox 1382 497 1703 544; x_wconf 90' lang='lat' dir='ltr'>Christophorum</span> <span class='ocrx_word' id='word_1_272' title='bbox 1735 499 1811 535; x_wconf 86' lang='lat' dir='ltr'>Ro-</span> 
     </span>
     <span class='ocr_line' id='line_1_53' title="bbox 1071 554 1811 603; baseline 0.005 -14"><span class='ocrx_word' id='word_1_273' title='bbox 1071 554 1234 600; x_wconf 86' lang='lat' dir='ltr'>driguez</span> <span class='ocrx_word' id='word_1_274' title='bbox 1274 567 1363 591; x_wconf 87' lang='lat' dir='ltr'>cum</span> <span class='ocrx_word' id='word_1_275' title='bbox 1404 555 1520 590; x_wconf 90' lang='lat' dir='ltr'>sociis</span> <span class='ocrx_word' id='word_1_276' title='bbox 1555 556 1726 603; x_wconf 90' lang='lat' dir='ltr'>quinque</span> <span class='ocrx_word' id='word_1_277' title='bbox 1762 558 1811 593; x_wconf 87' lang='lat' dir='ltr'>ad</span> 
     </span>
     <span class='ocr_line' id='line_1_54' title="bbox 1070 614 1805 664; baseline 0.004 -16"><span class='ocrx_word' id='word_1_278' title='bbox 1070 614 1216 649; x_wconf 89' lang='lat' dir='ltr'>bellum</span> <span class='ocrx_word' id='word_1_279' title='bbox 1249 615 1438 650; x_wconf 89' lang='lat' dir='ltr'>turcicum</span> <span class='ocrx_word' id='word_1_280' title='bbox 1469 614 1601 658; x_wconf 88' lang='lat' dir='ltr'>mittit,</span> <span class='ocrx_word' id='word_1_281' title='bbox 1633 616 1805 664; x_wconf 86' lang='grc'>652-654,</span> 
     </span>
     <span class='ocr_line' id='line_1_55' title="bbox 1067 673 1808 719; baseline 0.005 -12"><span class='ocrx_word' id='word_1_282' title='bbox 1067 684 1143 719; x_wconf 91' lang='lat' dir='ltr'>quo</span> <span class='ocrx_word' id='word_1_283' title='bbox 1184 679 1296 719; x_wconf 90' lang='lat' dir='ltr'>pacto</span> <span class='ocrx_word' id='word_1_284' title='bbox 1338 685 1477 708; x_wconf 91' lang='lat' dir='ltr'>munus</span> <span class='ocrx_word' id='word_1_285' title='bbox 1518 673 1654 710; x_wconf 89' lang='lat' dir='ltr'>vicarii</span> <span class='ocrx_word' id='word_1_286' title='bbox 1688 675 1808 711; x_wconf 88' lang='lat' dir='ltr'>adim-</span> 
     </span>
     <span class='ocr_line' id='line_1_56' title="bbox 1066 732 1804 780; baseline 0.004 -14"><span class='ocrx_word' id='word_1_287' title='bbox 1066 733 1183 778; x_wconf 88' lang='lat' dir='ltr'>pleat,</span> <span class='ocrx_word' id='word_1_288' title='bbox 1206 733 1369 778; x_wconf 88' lang='lat' dir='ltr'>Borgiae</span> <span class='ocrx_word' id='word_1_289' title='bbox 1386 732 1536 773; x_wconf 85' lang='lat' dir='ltr'>scribit,</span> <span class='ocrx_word' id='word_1_290' title='bbox 1551 733 1721 780; x_wconf 78' lang='lat'>654-6573</span> <span class='ocrx_word' id='word_1_291' title='bbox 1740 735 1804 769; x_wconf 93' lang='lat' dir='ltr'>do-</span> 
     </span>
     <span class='ocr_line' id='line_1_57' title="bbox 1066 791 1804 837; baseline 0.005 -13"><span class='ocrx_word' id='word_1_292' title='bbox 1066 802 1171 825; x_wconf 90' lang='lat' dir='ltr'>mum</span> <span class='ocrx_word' id='word_1_293' title='bbox 1191 791 1230 825; x_wconf 85' lang='lat' dir='ltr'>S.</span> <span class='ocrx_word' id='word_1_294' title='bbox 1260 791 1440 826; x_wconf 88' lang='lat' dir='ltr'>Andreae</span> <span class='ocrx_word' id='word_1_295' title='bbox 1465 792 1630 837; x_wconf 89' lang='lat' dir='ltr'>singulis</span> <span class='ocrx_word' id='word_1_296' title='bbox 1656 793 1804 828; x_wconf 88' lang='lat' dir='ltr'>hebdo-</span> 
     </span>
     <span class='ocr_line' id='line_1_58' title="bbox 1066 849 1803 896; baseline 0.005 -12"><span class='ocrx_word' id='word_1_297' title='bbox 1066 849 1188 884; x_wconf 88' lang='lat' dir='ltr'>madis</span> <span class='ocrx_word' id='word_1_298' title='bbox 1208 850 1353 896; x_wconf 89' lang='lat' dir='ltr'>visitat,</span> <span class='ocrx_word' id='word_1_299' title='bbox 1374 851 1457 895; x_wconf 85' lang='lat'>655;</span> <span class='ocrx_word' id='word_1_300' title='bbox 1478 862 1614 886; x_wconf 90' lang='lat' dir='ltr'>currus</span> <span class='ocrx_word' id='word_1_301' title='bbox 1634 863 1744 887; x_wconf 90' lang='lat' dir='ltr'>usum</span> <span class='ocrx_word' id='word_1_302' title='bbox 1765 853 1803 888; x_wconf 93' lang='lat' dir='ltr'>in</span> 
     </span>
     <span class='ocr_line' id='line_1_59' title="bbox 1063 909 1805 948; baseline 0.007 -5"><span class='ocrx_word' id='word_1_303' title='bbox 1063 909 1298 945; x_wconf 85' lang='lat' dir='ltr'>stationibus</span> <span class='ocrx_word' id='word_1_304' title='bbox 1319 911 1425 945; x_wconf 90' lang='lat' dir='ltr'>urbis</span> <span class='ocrx_word' id='word_1_305' title='bbox 1449 911 1660 947; x_wconf 88' lang='lat' dir='ltr'>lustrandis</span> <span class='ocrx_word' id='word_1_306' title='bbox 1686 912 1805 948; x_wconf 87' lang='lat' dir='ltr'>inter·</span> 
     </span>
     <span class='ocr_line' id='line_1_60' title="bbox 1062 966 1803 1015; baseline 0.007 -14"><span class='ocrx_word' id='word_1_307' title='bbox 1062 966 1170 1012; x_wconf 92' lang='lat' dir='ltr'>dicit,</span> <span class='ocrx_word' id='word_1_308' title='bbox 1190 968 1273 1012; x_wconf 83' lang='lat'>6553</span> <span class='ocrx_word' id='word_1_309' title='bbox 1294 969 1524 1015; x_wconf 89' lang='lat' dir='ltr'>compendia</span> <span class='ocrx_word' id='word_1_310' title='bbox 1544 969 1713 1005; x_wconf 91' lang='lat' dir='ltr'>instituti</span> <span class='ocrx_word' id='word_1_311' title='bbox 1735 971 1803 1005; x_wconf 88' lang='lat' dir='ltr'>So-</span> 
     </span>
     <span class='ocr_line' id='line_1_61' title="bbox 1061 1025 1802 1074; baseline 0.005 -13"><span class='ocrx_word' id='word_1_312' title='bbox 1061 1025 1216 1062; x_wconf 88' lang='lat' dir='ltr'>cietatis</span> <span class='ocrx_word' id='word_1_313' title='bbox 1232 1033 1271 1062; x_wconf 92' lang='lat' dir='ltr'>et</span> <span class='ocrx_word' id='word_1_314' title='bbox 1286 1027 1370 1074; x_wconf 90' lang='lat' dir='ltr'>ejus</span> <span class='ocrx_word' id='word_1_315' title='bbox 1385 1028 1679 1074; x_wconf 83' lang='lat' dir='ltr'>privilegiorum</span> <span class='ocrx_word' id='word_1_316' title='bbox 1694 1030 1802 1065; x_wconf 92' lang='lat' dir='ltr'>ador-</span> 
     </span>
     <span class='ocr_line' id='line_1_62' title="bbox 1061 1085 1801 1134; baseline 0.005 -14"><span class='ocrx_word' id='word_1_317' title='bbox 1061 1085 1143 1120; x_wconf 90' lang='lat' dir='ltr'>nari</span> <span class='ocrx_word' id='word_1_318' title='bbox 1162 1092 1286 1129; x_wconf 80' lang='lat' dir='ltr'>curat,</span> <span class='ocrx_word' id='word_1_319' title='bbox 1302 1087 1384 1133; x_wconf 88' lang='grc'>656,</span> <span class='ocrx_word' id='word_1_320' title='bbox 1401 1099 1528 1122; x_wconf 90' lang='lat' dir='ltr'>rerum</span> <span class='ocrx_word' id='word_1_321' title='bbox 1543 1088 1699 1134; x_wconf 89' lang='lat' dir='ltr'>collegii</span> <span class='ocrx_word' id='word_1_322' title='bbox 1713 1100 1801 1134; x_wconf 89' lang='lat' dir='ltr'>ger-</span> 
     </span>
     <span class='ocr_line' id='line_1_63' title="bbox 1061 1144 1798 1194; baseline 0.005 -16"><span class='ocrx_word' id='word_1_323' title='bbox 1061 1144 1202 1179; x_wconf 87' lang='lat' dir='ltr'>manici</span> <span class='ocrx_word' id='word_1_324' title='bbox 1237 1146 1425 1180; x_wconf 88' lang='lat' dir='ltr'>rationem</span> <span class='ocrx_word' id='word_1_325' title='bbox 1456 1146 1622 1191; x_wconf 87' lang='lat' dir='ltr'>Borgiae</span> <span class='ocrx_word' id='word_1_326' title='bbox 1656 1147 1798 1194; x_wconf 83' lang='lat' dir='ltr'>reddit,</span> 
     </span>
     <span class='ocr_line' id='line_1_64' title="bbox 1057 1204 1796 1253; baseline 0.005 -15"><span class='ocrx_word' id='word_1_327' title='bbox 1057 1204 1142 1249; x_wconf 88' lang='grc'>656,</span> <span class='ocrx_word' id='word_1_328' title='bbox 1162 1204 1244 1250; x_wconf 86' lang='grc'>657,</span> <span class='ocrx_word' id='word_1_329' title='bbox 1267 1204 1432 1249; x_wconf 83' lang='lat' dir='ltr'>Borgiae</span> <span class='ocrx_word' id='word_1_330' title='bbox 1457 1205 1622 1240; x_wconf 85' lang='lat' dir='ltr'>virtutes</span> <span class='ocrx_word' id='word_1_331' title='bbox 1648 1207 1796 1253; x_wconf 89' lang='lat' dir='ltr'>laudat,</span> 
     </span>
     <span class='ocr_line' id='line_1_65' title="bbox 1056 1262 1795 1309; baseline 0.005 -13"><span class='ocrx_word' id='word_1_332' title='bbox 1056 1262 1137 1308; x_wconf 90' lang='grc'>657,</span> <span class='ocrx_word' id='word_1_333' title='bbox 1156 1263 1238 1308; x_wconf 90' lang='grc'>658,</span> <span class='ocrx_word' id='word_1_334' title='bbox 1254 1263 1432 1308; x_wconf 86' lang='grc'>661,662;</span> <span class='ocrx_word' id='word_1_335' title='bbox 1450 1263 1684 1309; x_wconf 87' lang='lat' dir='ltr'>Gregorium</span> <span class='ocrx_word' id='word_1_336' title='bbox 1699 1266 1795 1301; x_wconf 90' lang='lat' dir='ltr'>XIII</span> 
     </span>
     <span class='ocr_line' id='line_1_66' title="bbox 1056 1322 1795 1371; baseline 0.005 -15"><span class='ocrx_word' id='word_1_337' title='bbox 1056 1322 1204 1366; x_wconf 85' lang='lat' dir='ltr'>invisit,</span> <span class='ocrx_word' id='word_1_338' title='bbox 1226 1323 1274 1357; x_wconf 94' lang='lat' dir='ltr'>de</span> <span class='ocrx_word' id='word_1_339' title='bbox 1292 1323 1375 1368; x_wconf 90' lang='lat' dir='ltr'>ejus</span> <span class='ocrx_word' id='word_1_340' title='bbox 1395 1323 1586 1358; x_wconf 87' lang='lat' dir='ltr'>electione</span> <span class='ocrx_word' id='word_1_341' title='bbox 1606 1323 1644 1359; x_wconf 92' lang='lat' dir='ltr'>in</span> <span class='ocrx_word' id='word_1_342' title='bbox 1670 1325 1795 1371; x_wconf 89' lang='lat' dir='ltr'>ponti-</span> 
     </span>
     <span class='ocr_line' id='line_1_67' title="bbox 1054 1380 1792 1426; baseline 0.003 -11"><span class='ocrx_word' id='word_1_343' title='bbox 1054 1380 1210 1415; x_wconf 90' lang='lat' dir='ltr'>ficatum</span> <span class='ocrx_word' id='word_1_344' title='bbox 1252 1382 1493 1426; x_wconf 88' lang='lat' dir='ltr'>gratulatur,</span> <span class='ocrx_word' id='word_1_345' title='bbox 1536 1381 1792 1418; x_wconf 87' lang='lat' dir='ltr'>confirmatio-</span> 
     </span>
     <span class='ocr_line' id='line_1_68' title="bbox 1054 1441 1790 1486; baseline 0.003 -11"><span class='ocrx_word' id='word_1_346' title='bbox 1054 1452 1143 1475; x_wconf 89' lang='lat' dir='ltr'>nem</span> <span class='ocrx_word' id='word_1_347' title='bbox 1159 1441 1366 1476; x_wconf 89' lang='lat' dir='ltr'>Societatis</span> <span class='ocrx_word' id='word_1_348' title='bbox 1383 1441 1552 1486; x_wconf 92' lang='lat' dir='ltr'>postulat</span> <span class='ocrx_word' id='word_1_349' title='bbox 1567 1446 1606 1475; x_wconf 94' lang='lat' dir='ltr'>et</span> <span class='ocrx_word' id='word_1_350' title='bbox 1622 1442 1790 1485; x_wconf 90' lang='lat' dir='ltr'>obtinet,</span> 
     </span>
     <span class='ocr_line' id='line_1_69' title="bbox 1051 1499 1788 1548; baseline 0.004 -14"><span class='ocrx_word' id='word_1_351' title='bbox 1051 1499 1132 1545; x_wconf 87' lang='lat'>659,</span> <span class='ocrx_word' id='word_1_352' title='bbox 1153 1499 1237 1544; x_wconf 80' lang='lat'>6603</span> <span class='ocrx_word' id='word_1_353' title='bbox 1265 1511 1312 1534; x_wconf 91' lang='lat' dir='ltr'>ne</span> <span class='ocrx_word' id='word_1_354' title='bbox 1338 1500 1433 1534; x_wconf 88' lang='lat' dir='ltr'>socii</span> <span class='ocrx_word' id='word_1_355' title='bbox 1464 1499 1511 1534; x_wconf 93' lang='lat' dir='ltr'>ad</span> <span class='ocrx_word' id='word_1_356' title='bbox 1539 1501 1788 1548; x_wconf 84' lang='lat' dir='ltr'>episcopatus</span> 
     </span>
     <span class='ocr_line' id='line_1_70' title="bbox 1050 1559 1787 1607; baseline 0.003 -14"><span class='ocrx_word' id='word_1_357' title='bbox 1050 1559 1257 1604; x_wconf 88' lang='lat' dir='ltr'>eligantur,</span> <span class='ocrx_word' id='word_1_358' title='bbox 1288 1559 1475 1605; x_wconf 87' lang='lat' dir='ltr'>impedire</span> <span class='ocrx_word' id='word_1_359' title='bbox 1506 1560 1670 1605; x_wconf 87' lang='lat' dir='ltr'>satagit,</span> <span class='ocrx_word' id='word_1_360' title='bbox 1702 1560 1787 1607; x_wconf 90' lang='lat'>660,</span> 
     </span>
     <span class='ocr_line' id='line_1_71' title="bbox 1049 1618 1786 1664; baseline 0.004 -12"><span class='ocrx_word' id='word_1_361' title='bbox 1049 1618 1131 1664; x_wconf 92' lang='grc'>661,</span> <span class='ocrx_word' id='word_1_362' title='bbox 1153 1618 1429 1653; x_wconf 86' lang='lat' dir='ltr'>universitates</span> <span class='ocrx_word' id='word_1_363' title='bbox 1454 1618 1786 1655; x_wconf 89' lang='lat' dir='ltr'>mediolanensem</span> 
     </span>
     <span class='ocr_line' id='line_1_72' title="bbox 1048 1677 1781 1725; baseline 0.001 -13"><span class='ocrx_word' id='word_1_364' title='bbox 1048 1683 1088 1712; x_wconf 94' lang='lat' dir='ltr'>et</span> <span class='ocrx_word' id='word_1_365' title='bbox 1117 1677 1461 1722; x_wconf 86' lang='lat' dir='ltr'>lotharingiensem</span> <span class='ocrx_word' id='word_1_366' title='bbox 1488 1677 1673 1723; x_wconf 89' lang='lat' dir='ltr'>admittit,</span> <span class='ocrx_word' id='word_1_367' title='bbox 1699 1679 1781 1725; x_wconf 88' lang='grc'>815,</span> 
     </span>
     <span class='ocr_line' id='line_1_73' title="bbox 1046 1736 1783 1783; baseline 0 -10"><span class='ocrx_word' id='word_1_368' title='bbox 1046 1737 1254 1780; x_wconf 79' lang='lat' dir='ltr'>collegium</span> <span class='ocrx_word' id='word_1_369' title='bbox 1274 1736 1418 1771; x_wconf 89' lang='lat' dir='ltr'>Fuldae</span> <span class='ocrx_word' id='word_1_370' title='bbox 1438 1742 1477 1771; x_wconf 90' lang='lat' dir='ltr'>et</span> <span class='ocrx_word' id='word_1_371' title='bbox 1494 1736 1628 1771; x_wconf 89' lang='lat' dir='ltr'>domos</span> <span class='ocrx_word' id='word_1_372' title='bbox 1645 1739 1783 1783; x_wconf 85' lang='lat' dir='ltr'>proba—</span> 
     </span>
     <span class='ocr_line' id='line_1_74' title="bbox 1046 1796 1783 1844; baseline 0 -12"><span class='ocrx_word' id='word_1_373' title='bbox 1046 1796 1162 1832; x_wconf 88' lang='lat' dir='ltr'>tionis</span> <span class='ocrx_word' id='word_1_374' title='bbox 1183 1797 1337 1831; x_wconf 88' lang='lat' dir='ltr'>Aronae</span> <span class='ocrx_word' id='word_1_375' title='bbox 1356 1801 1394 1831; x_wconf 92' lang='lat' dir='ltr'>et</span> <span class='ocrx_word' id='word_1_376' title='bbox 1419 1797 1571 1831; x_wconf 84' lang='lat' dir='ltr'>Brunae</span> <span class='ocrx_word' id='word_1_377' title='bbox 1597 1796 1783 1844; x_wconf 89' lang='lat' dir='ltr'>instituit,</span> 
     </span>
     <span class='ocr_line' id='line_1_75' title="bbox 1043 1854 1782 1902; baseline 0 -11"><span class='ocrx_word' id='word_1_378' title='bbox 1043 1856 1126 1902; x_wconf 87' lang='grc'>815,</span> <span class='ocrx_word' id='word_1_379' title='bbox 1152 1855 1308 1890; x_wconf 91' lang='lat' dir='ltr'>domum</span> <span class='ocrx_word' id='word_1_380' title='bbox 1334 1854 1547 1901; x_wconf 88' lang='lat' dir='ltr'>professam</span> <span class='ocrx_word' id='word_1_381' title='bbox 1573 1855 1782 1892; x_wconf 87' lang='lat' dir='ltr'>Mediolani</span> 
     </span>
     <span class='ocr_line' id='line_1_76' title="bbox 1044 1912 1781 1960; baseline 0 -11"><span class='ocrx_word' id='word_1_382' title='bbox 1044 1913 1173 1960; x_wconf 89' lang='lat' dir='ltr'>erigit,</span> <span class='ocrx_word' id='word_1_383' title='bbox 1200 1913 1283 1957; x_wconf 83' lang='lat'>815;</span> <span class='ocrx_word' id='word_1_384' title='bbox 1316 1912 1479 1958; x_wconf 82' lang='lat' dir='ltr'>Borgiae</span> <span class='ocrx_word' id='word_1_385' title='bbox 1507 1913 1656 1948; x_wconf 91' lang='lat' dir='ltr'>obitum</span> <span class='ocrx_word' id='word_1_386' title='bbox 1684 1925 1781 1949; x_wconf 91' lang='lat' dir='ltr'>nun-</span> 
     </span>
     <span class='ocr_line' id='line_1_77' title="bbox 1042 1973 1778 2017; baseline 0 -8"><span class='ocrx_word' id='word_1_387' title='bbox 1042 1974 1126 2015; x_wconf 86' lang='lat' dir='ltr'>tiat,</span> <span class='ocrx_word' id='word_1_388' title='bbox 1145 1973 1230 2017; x_wconf 87' lang='lat'>661,</span> <span class='ocrx_word' id='word_1_389' title='bbox 1249 1973 1332 2016; x_wconf 80' lang='lat'>6623</span> <span class='ocrx_word' id='word_1_390' title='bbox 1353 1977 1566 2017; x_wconf 85' lang='lat' dir='ltr'>congregat</span> <span class='ocrx_word' id='word_1_391' title='bbox 1585 1973 1778 2009; x_wconf 89' lang='lat' dir='ltr'>electores</span> 
     </span>
     <span class='ocr_line' id='line_1_78' title="bbox 1040 2030 1776 2078; baseline -0.001 -10"><span class='ocrx_word' id='word_1_392' title='bbox 1040 2032 1174 2068; x_wconf 89' lang='lat' dir='ltr'>vicarii</span> <span class='ocrx_word' id='word_1_393' title='bbox 1201 2030 1409 2077; x_wconf 88' lang='lat' dir='ltr'>generalis,</span> <span class='ocrx_word' id='word_1_394' title='bbox 1445 2031 1528 2078; x_wconf 90' lang='grc'>662,</span> <span class='ocrx_word' id='word_1_395' title='bbox 1567 2031 1776 2067; x_wconf 86' lang='lat' dir='ltr'>Polancum</span> 
     </span>
     <span class='ocr_line' id='line_1_79' title="bbox 1038 2090 1775 2138; baseline -0.001 -11"><span class='ocrx_word' id='word_1_396' title='bbox 1038 2093 1086 2128; x_wconf 91' lang='lat' dir='ltr'>de</span> <span class='ocrx_word' id='word_1_397' title='bbox 1112 2092 1195 2138; x_wconf 89' lang='lat' dir='ltr'>ejus</span> <span class='ocrx_word' id='word_1_398' title='bbox 1219 2091 1410 2126; x_wconf 87' lang='lat' dir='ltr'>electione</span> <span class='ocrx_word' id='word_1_399' title='bbox 1434 2090 1639 2125; x_wconf 89' lang='lat' dir='ltr'>certiorem</span> <span class='ocrx_word' id='word_1_400' title='bbox 1666 2091 1775 2138; x_wconf 90' lang='lat' dir='ltr'>facit,</span> 
     </span>
     <span class='ocr_line' id='line_1_80' title="bbox 1037 2150 1773 2199; baseline -0.003 -12"><span class='ocrx_word' id='word_1_401' title='bbox 1037 2153 1122 2199; x_wconf 87' lang='lat'>662,</span> <span class='ocrx_word' id='word_1_402' title='bbox 1141 2151 1224 2198; x_wconf 91' lang='grc'>663,</span> <span class='ocrx_word' id='word_1_403' title='bbox 1252 2151 1290 2186; x_wconf 82' lang='grc'>111</span> <span class='ocrx_word' id='word_1_404' title='bbox 1315 2150 1564 2186; x_wconf 88' lang='lat' dir='ltr'>Germaniam</span> <span class='ocrx_word' id='word_1_405' title='bbox 1591 2151 1773 2196; x_wconf 91' lang='lat' dir='ltr'>mittitur,</span> 
     </span>
     <span class='ocr_line' id='line_1_81' title="bbox 1035 2210 1770 2257; baseline -0.004 -10"><span class='ocrx_word' id='word_1_406' title='bbox 1035 2212 1205 2257; x_wconf 78' lang='lat'>664-6673</span> <span class='ocrx_word' id='word_1_407' title='bbox 1238 2210 1450 2245; x_wconf 86' lang='lat' dir='ltr'>Bononiam</span> <span class='ocrx_word' id='word_1_408' title='bbox 1481 2210 1653 2255; x_wconf 86' lang='lat' dir='ltr'>attingit,</span> <span class='ocrx_word' id='word_1_409' title='bbox 1686 2210 1770 2254; x_wconf 92' lang='grc'>664;</span> 
     </span>
     <span class='ocr_line' id='line_1_82' title="bbox 1036 2268 1772 2316; baseline -0.003 -10"><span class='ocrx_word' id='word_1_410' title='bbox 1036 2270 1187 2306; x_wconf 87' lang='lat' dir='ltr'>Patavii</span> <span class='ocrx_word' id='word_1_411' title='bbox 1205 2269 1431 2316; x_wconf 87' lang='lat' dir='ltr'>requiescit,</span> <span class='ocrx_word' id='word_1_412' title='bbox 1449 2269 1533 2313; x_wconf 88' lang='grc'>665,</span> <span class='ocrx_word' id='word_1_413' title='bbox 1553 2268 1635 2314; x_wconf 88' lang='grc'>666,</span> <span class='ocrx_word' id='word_1_414' title='bbox 1654 2268 1772 2305; x_wconf 49' lang='grc' dir='ltr'>06111-Ἰ</span> 
     </span>
     <span class='ocr_line' id='line_1_83' title="bbox 1034 2326 1770 2377; baseline -0.005 -12"><span class='ocrx_word' id='word_1_415' title='bbox 1034 2335 1192 2377; x_wconf 91' lang='lat' dir='ltr'>pontem</span> <span class='ocrx_word' id='word_1_416' title='bbox 1228 2334 1266 2364; x_wconf 88' lang='lat' dir='ltr'>et</span> <span class='ocrx_word' id='word_1_417' title='bbox 1302 2329 1440 2362; x_wconf 89' lang='lat' dir='ltr'>Halam</span> <span class='ocrx_word' id='word_1_418' title='bbox 1472 2326 1593 2370; x_wconf 88' lang='lat' dir='ltr'>venit,</span> <span class='ocrx_word' id='word_1_419' title='bbox 1628 2327 1712 2374; x_wconf 90' lang='grc'>667,</span> <span class='ocrx_word' id='word_1_420' title='bbox 1750 2339 1770 2362; x_wconf 92' lang='lat' dir='ltr'>a</span> 
     </span>
     <span class='ocr_line' id='line_1_84' title="bbox 1031 2386 1770 2435; baseline -0.005 -11"><span class='ocrx_word' id='word_1_421' title='bbox 1031 2388 1227 2435; x_wconf 89' lang='lat' dir='ltr'>germanis</span> <span class='ocrx_word' id='word_1_422' title='bbox 1247 2387 1362 2422; x_wconf 88' lang='lat' dir='ltr'>sociis</span> <span class='ocrx_word' id='word_1_423' title='bbox 1382 2398 1532 2421; x_wconf 87' lang='lat' dir='ltr'>summa</span> <span class='ocrx_word' id='word_1_424' title='bbox 1556 2386 1695 2420; x_wconf 89' lang='lat' dir='ltr'>amoris</span> <span class='ocrx_word' id='word_1_425' title='bbox 1721 2386 1770 2421; x_wconf 89' lang='lat' dir='ltr'>si-</span> 
     </span>
     <span class='ocr_line' id='line_1_85' title="bbox 1031 2445 1769 2494; baseline -0.005 -11"><span class='ocrx_word' id='word_1_426' title='bbox 1031 2448 1279 2494; x_wconf 83' lang='lat' dir='ltr'>gnificatione</span> <span class='ocrx_word' id='word_1_427' title='bbox 1305 2452 1503 2492; x_wconf 88' lang='lat' dir='ltr'>acceptus,</span> <span class='ocrx_word' id='word_1_428' title='bbox 1529 2446 1699 2492; x_wconf 87' lang='grc'>667-670,</span> <span class='ocrx_word' id='word_1_429' title='bbox 1721 2445 1769 2480; x_wconf 91' lang='lat' dir='ltr'>ad</span> 
     </span>
     <span class='ocr_line' id='line_1_86' title="bbox 1031 2504 1768 2550; baseline -0.007 -7"><span class='ocrx_word' id='word_1_430' title='bbox 1031 2507 1280 2544; x_wconf 89' lang='lat' dir='ltr'>scribendum</span> <span class='ocrx_word' id='word_1_431' title='bbox 1299 2518 1341 2541; x_wconf 89' lang='lat' dir='ltr'>se</span> <span class='ocrx_word' id='word_1_432' title='bbox 1356 2505 1539 2550; x_wconf 86' lang='lat' dir='ltr'>accingit,</span> <span class='ocrx_word' id='word_1_433' title='bbox 1556 2504 1675 2539; x_wconf 87' lang='lat' dir='ltr'>libros</span> <span class='ocrx_word' id='word_1_434' title='bbox 1692 2504 1768 2539; x_wconf 89' lang='lat' dir='ltr'>sibi</span> 
     </span>
     <span class='ocr_line' id='line_1_87' title="bbox 1029 2563 1766 2613; baseline -0.008 -11"><span class='ocrx_word' id='word_1_435' title='bbox 1029 2577 1250 2613; x_wconf 88' lang='lat' dir='ltr'>comparare</span> <span class='ocrx_word' id='word_1_436' title='bbox 1278 2564 1436 2609; x_wconf 88' lang='lat' dir='ltr'>satagit,</span> <span class='ocrx_word' id='word_1_437' title='bbox 1462 2564 1545 2608; x_wconf 84' lang='lat'>671,</span> <span class='ocrx_word' id='word_1_438' title='bbox 1571 2563 1656 2608; x_wconf 88' lang='grc'>674,</span> <span class='ocrx_word' id='word_1_439' title='bbox 1681 2563 1766 2609; x_wconf 88' lang='grc'>684,</span> 
     </span>
     <span class='ocr_line' id='line_1_88' title="bbox 1028 2621 1764 2672; baseline -0.01 -10"><span class='ocrx_word' id='word_1_440' title='bbox 1028 2628 1198 2672; x_wconf 83' lang='grc'>695700,</span> <span class='ocrx_word' id='word_1_441' title='bbox 1218 2633 1304 2669; x_wconf 85' lang='grc'>702,</span> <span class='ocrx_word' id='word_1_442' title='bbox 1324 2623 1406 2668; x_wconf 82' lang='grc'>738,</span> <span class='ocrx_word' id='word_1_443' title='bbox 1426 2632 1511 2667; x_wconf 91' lang='grc'>740,</span> <span class='ocrx_word' id='word_1_444' title='bbox 1526 2631 1610 2668; x_wconf 86' lang='grc'>741,</span> <span class='ocrx_word' id='word_1_445' title='bbox 1629 2621 1764 2656; x_wconf 84' lang='lat' dir='ltr'>adhor-</span> 
     </span>
     <span class='ocr_line' id='line_1_89' title="bbox 1027 2679 1766 2724; baseline -0.009 -3"><span class='ocrx_word' id='word_1_446' title='bbox 1027 2686 1195 2721; x_wconf 89' lang='lat' dir='ltr'>tationes</span> <span class='ocrx_word' id='word_1_447' title='bbox 1211 2683 1258 2718; x_wconf 88' lang='lat' dir='ltr'>ad</span> <span class='ocrx_word' id='word_1_448' title='bbox 1273 2683 1426 2718; x_wconf 88' lang='lat' dir='ltr'>sodales</span> <span class='ocrx_word' id='word_1_449' title='bbox 1441 2682 1573 2722; x_wconf 85' lang='lat' dir='ltr'>habet,</span> <span class='ocrx_word' id='word_1_450' title='bbox 1589 2679 1674 2724; x_wconf 74' lang='grc'>683,</span> <span class='ocrx_word' id='word_1_451' title='bbox 1687 2680 1766 2715; x_wconf 83' lang='lat' dir='ltr'>Au-</span> 
     </span>
     <span class='ocr_line' id='line_1_90' title="bbox 1024 2740 1763 2792; baseline -0.009 -12"><span class='ocrx_word' id='word_1_452' title='bbox 1024 2751 1180 2792; x_wconf 87' lang='lat' dir='ltr'>gustam</span> <span class='ocrx_word' id='word_1_453' title='bbox 1199 2755 1240 2779; x_wconf 88' lang='lat' dir='ltr'>se</span> <span class='ocrx_word' id='word_1_454' title='bbox 1259 2741 1424 2786; x_wconf 86' lang='lat' dir='ltr'>confert,</span> <span class='ocrx_word' id='word_1_455' title='bbox 1444 2740 1528 2787; x_wconf 89' lang='grc'>696,</span> <span class='ocrx_word' id='word_1_456' title='bbox 1550 2752 1638 2775; x_wconf 83' lang='grc'>611111</span> <span class='ocrx_word' id='word_1_457' title='bbox 1666 2740 1763 2774; x_wconf 91' lang='lat' dir='ltr'>Mer-</span> 
     </span>
     <span class='ocr_line' id='line_1_91' title="bbox 1024 2799 1759 2841; baseline -0.015 0"><span class='ocrx_word' id='word_1_458' title='bbox 1024 2805 1205 2841; x_wconf 86' lang='lat' dir='ltr'>eurianus</span> <span class='ocrx_word' id='word_1_459' title='bbox 1220 2802 1267 2838; x_wconf 89' lang='lat' dir='ltr'>ad</span> <span class='ocrx_word' id='word_1_460' title='bbox 1282 2800 1530 2837; x_wconf 88' lang='lat' dir='ltr'>scribendum</span> <span class='ocrx_word' id='word_1_461' title='bbox 1546 2799 1664 2833; x_wconf 90' lang='lat' dir='ltr'>libros</span> <span class='ocrx_word' id='word_1_462' title='bbox 1680 2809 1759 2831; x_wconf 86' lang='lat' dir='ltr'>me-</span> 
     </span>
     <span class='ocr_line' id='line_1_92' title="bbox 1023 2855 1760 2900; baseline -0.015 -1"><span class='ocrx_word' id='word_1_463' title='bbox 1023 2865 1255 2900; x_wconf 88' lang='lat' dir='ltr'>ditationum</span> <span class='ocrx_word' id='word_1_464' title='bbox 1297 2866 1336 2895; x_wconf 91' lang='lat' dir='ltr'>et</span> <span class='ocrx_word' id='word_1_465' title='bbox 1376 2865 1508 2895; x_wconf 88' lang='lat' dir='ltr'>contra</span> <span class='ocrx_word' id='word_1_466' title='bbox 1542 2855 1760 2891; x_wconf 84' lang='lat' dir='ltr'>haereticos</span> 
     </span>
     <span class='ocr_line' id='line_1_93' title="bbox 1023 2914 1752 2965; baseline -0.004 -7"><span class='ocrx_word' id='word_1_467' title='bbox 1023 2924 1260 2962; x_wconf 87' lang='lat' dir='ltr'>adhortatur,</span> <span class='ocrx_word' id='word_1_468' title='bbox 1275 2920 1359 2965; x_wconf 89' lang='grc'>698,</span> <span class='ocrx_word' id='word_1_469' title='bbox 1374 2920 1457 2963; x_wconf 80' lang='grc'>699,</span> <span class='ocrx_word' id='word_1_470' title='bbox 1473 2925 1554 2961; x_wconf 86' lang='grc'>705,</span> <span class='ocrx_word' id='word_1_471' title='bbox 1572 2914 1655 2960; x_wconf 84' lang='lat'>706,</span> <span class='ocrx_word' id='word_1_472' title='bbox 1668 2914 1752 2958; x_wconf 84' lang='lat'>7083</span> 
     </span>
     <span class='ocr_line' id='line_1_94' title="bbox 1024 2973 1755 3018; baseline -0.015 0"><span class='ocrx_word' id='word_1_473' title='bbox 1024 2980 1340 3018; x_wconf 83' lang='lat' dir='ltr'>meditationibus</span> <span class='ocrx_word' id='word_1_474' title='bbox 1355 2979 1402 3013; x_wconf 90' lang='lat' dir='ltr'>de</span> <span class='ocrx_word' id='word_1_475' title='bbox 1418 2978 1497 3011; x_wconf 86' lang='lat' dir='ltr'>vita</span> <span class='ocrx_word' id='word_1_476' title='bbox 1508 2974 1653 3010; x_wconf 81' lang='lat' dir='ltr'>Christi</span> <span class='ocrx_word' id='word_1_477' title='bbox 1665 2973 1755 3008; x_wconf 88' lang='lat' dir='ltr'>scri-</span> 
     </span>
     <span class='ocr_line' id='line_1_95' title="bbox 1021 3032 1756 3080; baseline -0.011 -5"><span class='ocrx_word' id='word_1_478' title='bbox 1021 3041 1159 3078; x_wconf 87' lang='lat' dir='ltr'>bendis</span> <span class='ocrx_word' id='word_1_479' title='bbox 1175 3045 1213 3075; x_wconf 91' lang='lat' dir='ltr'>et</span> <span class='ocrx_word' id='word_1_480' title='bbox 1228 3038 1403 3074; x_wconf 87' lang='lat' dir='ltr'>iconibus</span> <span class='ocrx_word' id='word_1_481' title='bbox 1415 3032 1652 3070; x_wconf 82' lang='lat' dir='ltr'>illustrandis</span> <span class='ocrx_word' id='word_1_482' title='bbox 1665 3043 1756 3080; x_wconf 90' lang='lat' dir='ltr'>ope-</span> 
     </span>
    </p>
   </div>
  </div>
 </body>
</html>
