2141 3358
622 213 882 247 PROOEMIUM
909 218 1051 246 TERTII
1078 215 1304 244 VOLUMINIS
1683 213 1737 239 XV

142 317 366 376 apostatis
388 314 592 361 exhibita
616 313 749 370 (293).
775 312 1000 363 Natalem,
1033 311 1165 366 cujus
1198 307 1454 366 prudentia,
1490 306 1713 350 industria
1740 313 1785 349 et

144 401 372 445 indefesso
396 400 553 442 labore
578 403 756 439 tanturn
774 393 925 449 juvari
949 393 1225 437 Germaniae
1248 390 1527 448 provinciam
1550 389 1782 440 cernebat,

147 485 315 528 ibidem
338 482 521 539 longius
549 478 779 522 immorari
813 477 988 520 curavit
1022 477 1156 534 (251).
1192 478 1310 520 Cum
1344 484 1494 520 autern
1527 473 1788 531 provinciae

149 582 287 612 onere
309 571 594 623 gravaretur,
621 560 884 618 praesertim
909 574 1013 602 cum
1037 559 1217 615 magnis
1235 574 1288 603 eo
1308 567 1515 615 tempore
1532 556 1789 601 tribulatio-

150 651 284 695 nibus
326 649 400 692 illa
442 641 702 698 vexaretur,
749 645 805 688 de
839 643 1004 699 quibus
1041 642 1088 684 in
1127 642 1319 697 epistola
1351 643 1406 685 ad
1440 642 1650 686 Natalem
1683 641 1789 683 data

149 734 482 779 lamentabatur
505 731 638 788 (472),
666 731 791 773 nullo
814 736 948 785 pacto
970 727 1046 770 illo
1069 741 1258 770 munere
1282 726 1516 769 Canisium
1536 740 1788 768 exoneran-

148 819 257 861 dum
281 815 458 859 censuit
480 813 672 867 Natalis,
699 827 785 857 nec
807 811 927 855 enim
959 810 1113 862 alium,
1148 809 1225 864 qui
1257 809 1299 852 ei
1331 809 1471 865 digne
1503 809 1787 861 succederet,

148 917 197 945 se
225 900 341 943 scire
370 900 598 943 fatebatur
633 898 768 954 (494).
806 897 863 939 Et
895 897 1010 939 haec
1043 895 1100 938 de
1140 896 1284 937 Beato
1323 892 1510 936 Canisio
1544 891 1787 944 sufficiant,

147 983 354 1040 quamvis
377 982 498 1026 enim
522 982 665 1023 multa
683 980 784 1032 alia,
805 993 950 1035 eaque
968 976 1125 1034 magni
1148 975 1378 1033 ponderis,
1405 975 1451 1018 in
1475 975 1602 1018 hisce
1632 975 1793 1019 litteris

149 1067 449 1123 reperiantur,
492 1064 569 1121 qui
608 1064 746 1119 hujus
784 1061 962 1119 egregii
999 1060 1083 1103 viri
1127 1069 1259 1117 gesta
1296 1059 1475 1116 plenius
1513 1073 1793 1114 cognoscere

154 1157 301 1202 aveat,
318 1149 523 1205 ejusdem
541 1147 773 1204 epistolas,
795 1147 852 1189 ab
870 1145 1049 1190 erudito
1069 1146 1121 1188 P.
1144 1146 1316 1188 Ottone
1335 1143 1681 1198 Braunsberger
1697 1142 1793 1185 edi-

159 1242 227 1277 tas
252 1240 297 1276 et
321 1233 537 1284 edendas,
563 1232 695 1274 adeat
716 1243 904 1274 necesse
931 1235 1016 1271 est.
1360 1230 1365 1231 ⁷

249 1493 351 1541 3.²‘”¹
420 1487 557 1529 Gesta
592 1484 757 1527 Patris
785 1480 1247 1537 Nadab—Quamvis
1280 1495 1351 1523 res
1389 1481 1614 1524 hactenus
1652 1479 1801 1523 dictae

160 1586 329 1628 magna
351 1577 479 1627 parte
502 1570 560 1612 ad
580 1568 790 1612 Natalem
813 1568 1086 1617 referantur,
1113 1565 1211 1620 ejus
1234 1572 1365 1621 gesta
1388 1579 1511 1607 nunc
1534 1563 1798 1619 singillatim
1855 1562 1857 1564 ’

163 1655 434 1711 attingenda
461 1653 691 1696 videntur.
722 1653 772 1694 In
800 1653 888 1693 hoc
917 1648 1059 1706 igitur
1096 1648 1230 1693 tertio
1267 1647 1561 1704 epistolarum
1599 1647 1714 1690 libro
1751 1662 1804 1691 ea

166 1754 270 1796 pars
293 1738 413 1781 vitae
436 1736 611 1781 Natalis
634 1735 909 1787 continetur,
937 1748 1053 1790 quae
1075 1733 1131 1776 ab
1156 1733 1255 1788 ejus
1277 1731 1324 1774 in
1346 1731 1641 1775 Germaniam
1663 1746 1802 1787 expe-

167 1822 355 1875 ditione,
382 1821 455 1865 die
480 1833 505 1874 7
529 1814 764 1864 Februarii
792 1819 920 1873 1566,
952 1832 1098 1873 usque
1127 1817 1183 1859 ad
1212 1816 1354 1872 ipsius
1382 1817 1561 1860 beatam
1591 1822 1799 1868 mortem,

169 1917 192 1961 5
219 1905 389 1961 Aprilis
418 1906 546 1959 1580,
574 1902 789 1947 excurrit.
816 1903 946 1945 Haec
978 1908 1130 1944 autem
1160 1900 1320 1943 ultima
1346 1899 1468 1942 vitae
1496 1899 1671 1943 Natalis
1701 1914 1804 1956 pars

169 1989 405 2046 tripliciter
427 1987 653 2044 dispertiri
676 1987 913 2030 commode
936 1991 1100 2041 potest;
1128 1999 1232 2027 nam
1252 1983 1396 2039 primo
1413 1983 1702 2040 inspectoris,
1722 1997 1804 2026 seu

166 2082 216 2116 ut
239 2074 367 2128 ajunt
402 2070 701 2115 «visitatoris»
734 2083 900 2112 munus
928 2068 1071 2111 obivit
1100 2069 1280 2110 duobus
1307 2067 1439 2110 annis
1467 2081 1570 2109 cum
1600 2066 1802 2119 dimidio,

165 2157 353 2209 scilicet,
380 2172 405 2200 a
428 2170 585 2200 mense
608 2153 857 2198 Februario
887 2153 998 2207 1566
1022 2153 1080 2194 ad
1103 2153 1369 2208 Augustum
1399 2152 1526 2206 1568,
1553 2151 1597 2194 in
1621 2150 1806 2207 provin-

167 2241 249 2284 ciis
286 2239 585 2293 Germaniae,
633 2237 873 2289 Austriae,
913 2236 1087 2288 Rheni,
1130 2235 1367 2278 Flandriae
1406 2243 1451 2278 et
1488 2235 1682 2279 Galliae.
1723 2236 1807 2280 Se-

168 2326 340 2377 cundo,
372 2324 570 2367 vicarius
599 2321 827 2379 generalis
855 2336 881 2364 a
913 2320 1081 2376 Borgia
1109 2319 1390 2372 nominatus,
1430 2326 1571 2362 totam
1601 2319 1809 2364 Societa-

172 2415 261 2452 tem
302 2407 512 2464 (demptis
543 2405 793 2462 Hispaniae
824 2403 1069 2461 provinciis
1101 2417 1248 2458 usque
1281 2404 1337 2445 ad
1369 2403 1564 2447 reditum
1599 2402 1808 2459 Borgiae)

173 2491 449 2547 gubernavit
471 2492 527 2533 ab
551 2490 681 2533 initio
693 2489 802 2547 Julii
827 2500 932 2543 1571
955 2488 1012 2530 ad
1029 2487 1262 2530 ineuntem
1282 2487 1531 2530 Octobrem
1550 2487 1656 2529 anni
1680 2497 1805 2542 1572.

175 2574 344 2626 Tertio,
380 2575 581 2617 ultimam
610 2580 893 2618 senectutem
925 2570 1146 2627 transegit
1174 2571 1332 2626 procul
1361 2585 1386 2613 a
1409 2570 1622 2627 negotiis,
1649 2570 1808 2627 partim

175 2658 320 2702 Halae
342 2657 387 2700 in
411 2658 673 2709 Germania,
700 2673 726 2700 a
747 2670 903 2700 mense
926 2654 1099 2698 scilicet
1124 2655 1245 2710 Majo
1274 2665 1386 2708 1574
1408 2655 1465 2697 ad
1481 2653 1655 2711 Julium
1681 2664 1806 2708 1577,

174 2740 335 2795 partim
374 2741 562 2792 Romae,
605 2755 630 2783 a
662 2753 770 2782 vere
802 2737 908 2780 anni
948 2738 1076 2791 1578,
1117 2751 1264 2792 usque
1296 2737 1353 2780 ad
1385 2736 1528 2792 ipsius
1560 2736 1751 2787 obitum,
1787 2746 1809 2789 5

174 2823 342 2879 Aprilis
372 2825 497 2878 1580.
525 2826 594 2867 De
618 2822 811 2879 singulis
833 2821 959 2864 hisce
982 2820 1188 2876 partibus
1210 2819 1412 2865 breviter
1433 2820 1722 2864 disseremus.

262 2910 301 2962 a)
367 2907 553 2950 Natalis
586 2907 770 2961 inspicii
797 2905 958 2948 varias
980 2905 1634 2960 provincias—GERMANIAM
1669 2916 1813 2946 SUPE—

178 3003 379 3044 RIOREM,
419 2989 564 3046 primo
592 2990 714 3044 loco,
746 2995 792 3032 et
823 3003 1000 3032 summa
1029 2987 1211 3043 quidem
1245 2986 1499 3043 diligentia,
1534 2986 1811 3042 peragravit,
