2101 3348
725 219 767 256 19
793 209 1009 247 Ocrossffls
1038 210 1128 255 1566
1628 220 1697 256 255

102 323 271 366 magna
294 316 339 354 et
362 310 551 354 Francia
574 311 693 355 della
716 312 1001 368 Compagnia
1018 312 1062 355 di
1079 314 1206 370 Jesu,
1228 313 1273 355 in
1292 313 1525 369 Augusta.
1554 313 1742 356 Natalis

107 401 263 429 marcu:
292 397 339 440 [5
380 386 425 428 di
455 386 563 429 gire
603 389 675 430 66.
701 390 1101 444 Respondendum.
1134 391 1243 432 Alia
1275 404 1432 432 manu:
1453 391 1510 433 N.
1539 392 1591 433 Ρ.
1634 390 1741 433 delli

115 473 163 518 15
187 464 233 505 d'
258 464 453 507 Ottobre
476 472 521 507 et
543 464 736 520 risposta
753 466 827 509 alli
857 479 906 520 14
918 467 974 510 de
997 468 1278 512 Nouembre.
1303 467 1461 524 Sigilli
1481 469 1739 524 vestigium.

873 578 985 617 437

500 633 505 635 '
556 651 607 691 P.
636 651 1047 695 HIERONYMUS
1081 652 1299 694 NADAL

439 724 682 762 SANCTO
718 726 1068 763 FRANCISCO
1104 728 1180 762 DE
1220 727 1413 774 BORJA

576 800 831 837 OENIPONTE,
855 801 897 836 19
914 801 1117 828 ocrossms
1140 793 1229 837 1566
1247 797 1275 828 ¹.

103 863 138 890 1.
160 854 319 890 Natalis
337 856 487 891 itinera
515 857 802 903 Vindobonam,
826 858 1085 903 Tyrizaviam,
1106 859 1341 900 Posonium‚
1367 858 1634 902 Ommatium,
1656 862 1744 894 etc..·

143 914 328 960 pericula
359 918 662 962 superata.—2.
692 915 873 964 Collegia
898 917 1209 952 vindobonensia
1233 929 1258 951 a
1284 917 1427 952 Natali
1450 920 1746 964 cognoscuntur

150 976 186 1009 et
215 974 570 1020 ordinantur.-3.
606 976 825 1010 Posonium
859 977 983 1015 venit,
1014 977 1082 1011 ubi
1105 977 1234 1010 solnm
1262 977 1482 1011 Seidelium
1507 989 1525 1012 e
1552 977 1746 1012 Societate

153 1034 314 1081 reperit.
328 1043 411 1077 —4.
442 1034 667 1080 Tyrnaviae
682 1038 902 1082 ἕρπω-5.
929 1036 982 1070 Ρ.
1007 1036 1153 1070 Petrus
1166 1037 1352 1070 Heruatlz
1370 1039 1499 1071 rector
1516 1037 1746 1082 tyrnavien-

150 1092 220 1127 sis:
240 1093 287 1127 P.
310 1094 432 1128 Perez
459 1094 731 1129 Vindobonam
751 1095 948 1130 mittitur.
962 1095 1042 1130 —6.
1067 1095 1320 1130 Olomutium
1340 1095 1502 1130 Natalis
1516 1108 1554 1130 se
1573 1097 1745 1142 confert:

152 1154 279 1186 status
297 1153 473 1199 collegii:
491 1152 756 1189 Cremsirium
771 1155 949 1196 divertit,
968 1155 1034 1189 ubi
1050 1166 1140 1189 cum
1154 1155 1332 1201 episcopo
1346 1156 1392 1190 de
1403 1154 1654 1201 fundatione
1672 1156 1746 1190 col-

155 1211 255 1258 legii
270 1213 481 1259 transigit:
505 1213 743 1248 Hurtadzcm
770 1214 895 1249 Perez
918 1217 1108 1249 rectorem
1133 1226 1270 1250 creare
1293 1215 1533 1259 statuit—7.
1561 1215 1748 1261 Pragam

148 1272 346 1317 per-venit:
367 1272 596 1320 collegium,
612 1274 775 1308 domum
785 1274 1036 1320 probationis
1049 1277 1085 1309 et
1102 1275 1325 1309 convictum
1341 1274 1608 1309 ordinat.—8.
1629 1273 1749 1309 Casa—

153 1342 296 1366 novam
312 1333 493 1367 divertit:
513 1334 559 1367 de
574 1333 753 1368 coenobio
772 1333 938 1380 collegio
957 1334 1180 1369 trebonensi
1198 1335 1467 1381 aggregando
1487 1334 1618 1368 transi
1620 1335 1747 1381 git.-

152 1400 194 1433 9.
240 1391 437 1426 Trebonae
468 1403 558 1426 cnm
590 1393 681 1426 ΡΡ.
727 1391 970 1439 ΠΤοΖῙέζαηὲο
995 1396 1030 1427 et
1065 1393 1272 1428 Venceslao
1296 1393 1558 1427 immoratur:
1585 1393 1746 1439 collegii

154 1450 445 1486 institutionem
466 1454 820 1498 praeparat.—10.
855 1452 1128 1498 Oenipontani
1150 1453 1340 1499 inspectio
1364 1455 1400 1488 et
1424 1453 1644 1487 ordinatio:
1674 1452 1746 1486 La-

153 1511 267 1544 noias
286 1513 415 1545 rector
428 1513 605 1546 creatur:
625 1512 672 1546 de
690 1510 948 1557 confessariis
966 1511 1222 1558 reginarum,
1242 1514 1310 1546 etc.
1320 1520 1422 1545 -ΙΙ,
1457 1511 1514 1546 De
1533 1512 1748 1546 admitten-

149 1570 211 1604 dis
243 1571 285 1604 εἴη
315 1570 565 1605 Societatem:
591 1571 722 1616 aliqui
746 1570 891 1605 novitii
915 1572 950 1604 et
976 1570 1199 1605 scholastici
1222 1571 1266 1605 in
1284 1571 1465 1605 diversas
1490 1573 1630 1618 partes
1655 1572 1747 1606 mit-

155 1631 314 1664 tumtur.

206 1714 241 1743 Ι.
301 1703 433 1758 Jhus.
471 1702 612 1744 Molto
645 1701 758 1744 Rdo.
795 1708 950 1744 nostro
981 1702 1125 1744 Padre
1155 1700 1200 1742 in
1232 1703 1351 1757 Xpo.
1386 1703 1481 1744 Pax
1514 1702 1618 1758 Xpi.
1652 1711 1740 1746 etc.

112 1777 255 1833 Dapoi
278 1779 351 1820 ch'
376 1778 420 1821 io
450 1778 602 1834 giunsi
631 1778 674 1820 in
706 1785 866 1833 questo
894 1778 1087 1834 collegio
1115 1780 1174 1820 ho
1197 1778 1354 1821 scritto
1378 1794 1404 1821 a
1425 1780 1468 1822 la
1493 1782 1543 1822 P.
1572 1781 1628 1823 V.
1655 1781 1745 1824 due

112 1855 247 1898 uolte.
277 1857 365 1899 Per
387 1863 546 1910 questa
569 1870 653 1898 con
678 1856 720 1898 la
742 1855 889 1911 gratia
917 1856 988 1898 del
1023 1855 1218 1912 Signore
1246 1856 1447 1899 scriuero
1470 1857 1512 1899 la
1540 1858 1746 1914 peregri-

110 1932 291 1975 natione
314 1932 402 1975 mia
424 1932 469 1974 in
488 1934 634 1988 quelle
652 1934 799 1975 bande
817 1934 860 1975 d’
882 1933 1083 1985 Austria,
1105 1940 1191 1976 etc.
1214 1933 1244 1974 il
1261 1935 1346 1977 che
1364 1934 1456 1976 fino
1475 1935 1634 1977 adesso
1652 1949 1744 1977 non

111 2009 167 2052 ho
188 2017 347 2065 potuto
370 2011 464 2054 fare
487 2012 874 2053 commodamente
898 2025 976 2065 per
998 2011 1039 2052 le
1068 2010 1354 2066 occupationi
1377 2011 1575 2067 urgenti.
1604 2012 1742 2067 Partij

106 2086 164 2128 da
185 2086 368 2142 Dilinga
392 2102 415 2129 a
438 2086 468 2128 li
493 2100 545 2129 22
570 2087 614 2129 di
638 2087 803 2143 Luglio
827 2088 896 2129 col
922 2089 972 2130 Ρ.
1001 2087 1253 2130 Ximeneza
1275 2121 1283 2139 ,
1312 2090 1364 2130 Ρ.
1388 2087 1542 2131 Pietro
1566 2091 1745 2145 vnghe-

108 2176 158 2206 ro
174 2163 206 2215 ²,
232 2170 276 2206 et
298 2164 369 2206 col
392 2166 444 2206 Ρ.
473 2166 590 2207 Paez
609 2166 641 2216 ⁵,
668 2165 737 2206 col
762 2164 935 2207 fratello
952 2166 1140 2221 Jacomo
1164 2165 1325 2220 Segler
1349 2165 1380 2217 ⁴,
1402 2172 1448 2208 et
1470 2166 1540 2208 001
1564 2167 1742 2210 fratello

109 2239 412 2295 Segismondo
435 2242 596 2285 boemo
615 2243 646 2293 5,
672 2248 717 2284 et
740 2255 824 2283 con
848 2240 921 2283 doi
944 2241 1102 2296 nouitij
1127 2241 1172 2283 di
1195 2242 1452 2295 Monachio‚
1478 2242 1742 2298 Guglielmo

110 2322 157 2359 ct
179 2317 377 2360 Abraam
395 2319 427 2370 ⁶,
454 2318 776 2362 monachiensi.
805 2318 1046 2361 Venimrno
1076 2318 1121 2361 in
1148 2334 1235 2362 una
1264 2320 1399 2362 barca
1422 2321 1527 2376 (che
1549 2320 1589 2362 ci
1613 2320 1744 2363 diede

114 2391 145 2434 il
171 2394 395 2437 cardinale
424 2395 469 2437 d'
493 2396 707 2451 Augusta
727 2397 756 2447 ⁷,
789 2396 873 2438 che
902 2396 1028 2438 costo
1057 2402 1152 2438 otto
1182 2395 1352 2450 fiorini,
1386 2404 1432 2440 et
1460 2411 1551 2440 non
1573 2397 1610 2440 si
1639 2400 1744 2453 pote

187 2512 206 2532 a
245 2505 265 2540 3
283 2507 402 2542 verba
421 2518 528 2554 seqq.
548 2506 696 2542 addidit
714 2506 800 2542 libr.
821 2506 860 2542 in
879 2519 1004 2553 marg.

186 2608 197 2627 ¹
247 2607 304 2641 Ex
322 2608 547 2653 archetypo,
567 2619 589 2642 a
607 2608 754 2653 Jacobo
771 2608 963 2653 genuensi
983 2614 1155 2653 exarato,
1175 2616 1214 2643 et
1234 2609 1383 2644 Natalis
1402 2621 1518 2645 manu
1537 2610 1744 2645 emendato

111 2669 153 2698 et
170 2666 399 2712 subscripto,
420 2667 459 2701 in
479 2667 610 2713 Epist.
636 2667 790 2709 Natal.,
811 2668 861 2714 ΙΙ,
882 2667 1090 2713 sextuplici
1110 2668 1200 2714 fol.,
1224 2676 1288 2712 155
1314 2669 1413 2713 (165,
1444 2669 1523 2714 166,
1553 2670 1630 2714 167,
1663 2670 1744 2717 168,

118 2723 196 2768 169,
220 2728 321 2769 170).

181 2786 194 2805 2
246 2785 291 2818 P.
317 2785 457 2820 Petrus
477 2786 673 2820 Hernath.
967 2787 981 2806 ³
1032 2786 1241 2832 Henricus,
1267 2787 1478 2823 lusitanus.

182 2845 197 2864 4
244 2843 338 2889 Ejus
357 2856 520 2879 examen
538 2846 659 2880 habes
678 2845 717 2880 in
736 2845 869 2891 Epist.
894 2845 1060 2891 Natal.,
1080 2847 1130 2889 ΙΙ,
1154 2846 1233 2891 558.

185 2904 198 2923 ⁵
247 2903 506 2938 Dominatius.
527 2903 627 2938 Vide
652 2904 766 2950 epist.
787 2902 870 2948 433,
891 2916 928 2939 n.
950 2913 990 2948 7.

187 2963 201 2982 ‘⁵
251 2961 417 2997 Serache
439 2961 480 3007 (Ρ)
500 2962 599 2997 Vide
616 2962 731 3008 hujus
750 2974 914 2999 examen
933 2963 971 2998 in
994 2964 1125 3010 Epist.
1152 2963 1315 3006 Natat„
1336 2965 1386 3007 II,
1408 2973 1493 3010 527.

191 3023 204 3041 ⁷
254 3020 348 3057 Otto
365 3021 579 3056 Truchsess
597 3021 645 3057 de
665 3021 898 3068 Waldburg.
