2101 3348
395 247 464 282 770
970 236 1109 270 Eprsr.
1138 234 1182 269 P.
1211 234 1361 270 NADAL

348 346 519 389 nostro,
555 343 692 391 atque
721 335 830 378 alias
858 349 1040 390 quoque
1063 334 1443 388 consultauimus,
1470 335 1586 379 serio
1610 350 1663 381 ac
1685 343 1864 380 mature
1897 337 1992 380 sin-

349 398 455 453 gula
486 395 827 439 considerantes
856 409 947 437 una
975 409 1079 437 cum
1110 396 1242 437 Rmo.
1277 394 1482 450 principe
1514 402 1559 439 et
1591 395 1805 451 episcopo
1829 398 1857 447 ¹,
1893 397 1986 452 qui,

346 456 535 512 perinde
558 469 611 497 ac
635 468 734 506 nos,
761 453 1080 510 cupidissimus
1103 460 1172 496 est
1195 453 1441 508 spiritualis
1470 456 1724 509 profectus,
1751 462 1796 497 et
1818 455 1986 498 sollici-

348 515 505 558 tudine
528 515 662 569 plane
685 520 872 569 paterna
894 513 1132 555 nobiscum
1155 512 1383 556 iuuandae
1415 513 1632 557 ecclesiae
1663 520 1784 556 totus
1806 513 1984 557 incum-

347 574 428 626 bit,
456 588 603 628 neque
625 572 844 616 minorem
869 586 1049 638 quoque
1072 573 1285 614 affectum
1303 586 1411 627 erga
1430 572 1662 628 religionis
1680 580 1859 617 uestrae
1876 588 1985 629 pro—

346 633 563 690 positum,
590 647 725 698 quam
748 631 819 687 alij
844 631 903 687 pij
930 631 1155 687 principes
1179 638 1314 685 atque
1343 646 1450 683 nOS,
1477 631 1610 687 gerit.
1638 633 1713 675 Ad
1734 634 1821 675 hoc
1843 633 1984 688 igitur

347 693 548 736 omnium
571 691 708 742 uotis,
740 698 784 734 et
802 689 1028 746 generalis
1056 690 1243 746 capituli
1261 691 1568 742 conclusione,
1595 692 1776 746 tandem
1795 693 1985 735 deueni—

346 766 463 804 mus,
486 751 607 807 quod
625 750 743 793 idem
760 749 1064 805 amplissimus
1082 749 1270 793 antistes
1287 757 1440 792 noster
1463 742 1794 805 comprobauit,
1818 759 1867 794 ut
1884 766 1983 794 eam

350 811 468 853 uiam
498 824 809 865 sequeremur,
842 823 976 864 quam
1008 811 1060 851 R.
1090 811 1141 851 P.
1169 808 1459 863 prouincialis
1477 810 1491 829 ‘·'
1517 824 1607 852 una
1636 824 1738 852 cum
1768 812 1826 853 D.
1856 812 1987 854 Lam-

347 872 492 921 berto,
510 871 661 924 elapsa
681 868 1047 924 quadragesima,
1068 868 1200 910 nobis
1218 868 1505 923 rogantibus,
1527 869 1828 922 adumbrauit;
1850 871 1988 913 nimi-

349 945 449 971 rum
474 935 524 970 ut
547 927 807 983 quindecim
840 927 1045 982 personis
1075 927 1451 971 sustentationem
1479 928 1782 971 necessariam
1812 937 1857 972 et
1887 945 1990 985 per-

348 996 533 1044 petuam
558 987 962 1038 constitueremus,
989 1001 1104 1040 quae
1135 988 1319 1028 domum
1349 993 1394 1029 et
1423 988 1640 1043 templum
1670 989 1745 1030 uel
1773 990 1988 1032 sacellum

347 1048 587 1098 haberent,
614 1047 659 1088 in
684 1046 848 1101 quibus
872 1045 1087 1090 exercitia
1110 1045 1358 1101 spiritualia
1381 1061 1504 1089 more
1527 1061 1609 1089 suo
1631 1054 1871 1102 peragant.
1899 1050 1988 1091 Ita-

349 1123 437 1163 que
455 1107 639 1149 domum
675 1105 1010 1148 concionatoris
1040 1104 1130 1147 iam
1160 1104 1490 1161 asignauimus,
1517 1121 1706 1160 eamque
1733 1107 1984 1162 habebunt,

349 1168 494 1208 donec
528 1179 743 1208 successu
777 1164 993 1220 temporis
1024 1163 1243 1206 habitatio
1277 1165 1554 1207 commodior
1589 1167 1820 1208 offeratur.
1848 1169 1985 1211 Tem-

349 1226 472 1281 plum
496 1238 603 1266 mox
626 1224 850 1278 dabimus,
876 1225 924 1268 S.
952 1223 1127 1267 Nicolai
1150 1224 1336 1266 dictum.
1366 1225 1542 1268 Sacello
1566 1225 1693 1279 quasi
1715 1226 1983 1279 domestico,

349 1285 469 1339 quod
503 1286 560 1327 D.
595 1283 842 1327 Laurentio
873 1297 1056 1325 sacrum
1088 1290 1177 1334 est,
1205 1283 1336 1325 simul
1376 1283 1441 1325 uti
1477 1291 1704 1340 poterunt.
1741 1287 1830 1327 Pro
1860 1286 1985 1328 uictu

349 1345 525 1386 illorum
551 1351 596 1387 et
625 1343 783 1385 usibus
813 1342 926 1393 aliis,
962 1342 1056 1384 dari
1083 1342 1191 1397 ipsis
1214 1343 1472 1385 curabimus
1501 1344 1741 1397 quotannis
1763 1345 1988 1400 quinqua·

351 1403 477 1460 ginta
501 1403 632 1446 malt.
658 1402 867 1457 siliginis,
894 1401 1057 1457 uiginti
1081 1403 1204 1445 malt.
1226 1402 1400 1453 hordei,
1428 1402 1627 1457 quinque
1650 1404 1851 1458 plaustra
1873 1405 1985 1457 uini,

351 1470 396 1506 et
426 1462 742 1517 septingentos
770 1463 967 1504 florenos
1000 1461 1136 1503 huius
1172 1468 1402 1514 monetae;
1437 1469 1562 1505 certo
1591 1463 1818 1517 persuasi,
1855 1464 1988 1507 etiam

352 1523 541 1564 Patrum
565 1521 791 1563 dictorum
816 1520 999 1571 iudiciO,
1027 1520 1304 1563 sufficienter
1324 1520 1394 1563 his
1419 1521 1649 1576 prouisum
1675 1529 1741 1563 tot
1765 1523 1984 1577 personis,

352 1589 401 1622 ut
425 1580 615 1636 amplius
639 1580 750 1621 nihil
773 1580 946 1634 possint
970 1580 1042 1621 uel
1066 1581 1260 1622 debeant
1283 1594 1433 1621 rerum
1465 1581 1779 1635 temporalium
1803 1589 1976 1636 petere„

352 1640 501 1694 Empti
526 1646 632 1682 sunt
655 1639 854 1694 insuper,
882 1639 1090 1682 ducentis
1113 1638 1277 1689 aureis,
1299 1639 1399 1680 libri
1418 1640 1621 1683 defuncti
1639 1641 1985 1694 concionatoris,

352 1699 427 1753 qui
450 1699 538 1741 il‘is
562 1698 696 1742 etiam
721 1699 982 1741 manebunt.
1010 1699 1146 1753 Quod
1164 1697 1250 1739 iam
1274 1713 1299 1739 a
1322 1700 1375 1740 T.
1404 1700 1456 1740 P.
1484 1699 1693 1754 petimus,
1719 1702 1804 1742 hoc
1828 1708 1916 1752 est,
1939 1708 1989 1743 ut

352 1758 592 1802 Societatis
615 1757 821 1800 homines
844 1764 992 1801 certos
1016 1756 1234 1800 ecclesiae
1257 1765 1437 1800 nostrae
1455 1773 1576 1800 nunc
1600 1766 1644 1802 et
1667 1773 1842 1814 semper
1860 1760 1987 1803 dein-

354 1831 459 1873 ceps
493 1819 600 1859 dare
633 1816 764 1868 uelit,
798 1816 873 1870 qui
907 1816 1070 1858 summi
1109 1816 1262 1871 templi
1295 1817 1579 1869 concionem,
1613 1818 1849 1862 lectionem
1880 1819 1985 1863 item

353 1877 673 1932 theologicam,
700 1890 752 1918 ac
775 1876 966 1917 duarum
989 1875 1249 1931 linguarum
1280 1877 1603 1930 professionem
1636 1877 1681 1918 in
1710 1878 1876 1921 scholis
1904 1894 1987 1922 no-

353 1936 456 1978 stris
486 1935 589 1978 curn
618 1936 753 1979 laude
781 1934 1029 1989 suscipiant
1058 1942 1103 1977 et
1126 1935 1454 1978 administrent.
1481 1935 1760 1991 Linguarum
1784 1939 1983 1991 scholae,

355 1996 534 2049 quando
558 1995 785 2050 perfectae
807 2001 955 2046 erunt,
979 1994 1103 2036 iuxta
1127 1996 1316 2036 Patrum
1341 1995 1626 2047 sententiam,
1653 1997 1851 2051 quinque
1874 1999 1991 2042 clas-

353 2069 424 2098 ses
454 2054 757 2105 constituent,
785 2068 974 2108 quarum
1009 2053 1162 2095 infima
1195 2053 1450 2097 rudimenta
1478 2056 1794 2110 grammatices
1825 2058 1986 2110 tradet,

351 2115 552 2156 secunda
575 2113 914 2168 etymologiam,
942 2112 1073 2156 tertia
1096 2113 1337 2167 syntaxim,
1365 2122 1526 2168 quarta
1555 2114 1725 2158 litteras
1747 2117 1989 2159 humanio—

352 2187 438 2223 res,
466 2172 687 2226 poeticam
712 2186 762 2214 ac
787 2186 980 2227 graecae
1003 2172 1188 2227 linguae
1212 2173 1450 2227 principia,
1482 2188 1691 2228 suprema
1719 2176 1989 2219 rhetoricam

352 2245 453 2272 curn
474 2232 674 2286 perfecta
692 2245 959 2286 graecarum
983 2230 1233 2274 litterarum
1257 2231 1558 2277 institutione.
1578 2233 1839 2277 Lectionem
1859 2238 1988 2278 theo-

352 2290 544 2345 logicam
570 2291 789 2332 eiusmodi
811 2305 910 2334 esse
934 2290 1181 2345 oportebit,
1209 2292 1386 2345 qualem
1416 2292 1672 2334 auditorum
1702 2301 1884 2348 captus,
1911 2295 1987 2349 qui

355 2349 448 2390 ueri
480 2349 772 2392 ecclesiastici
806 2349 945 2391 futuri
979 2356 1218 2404 putantur,
1252 2351 1463 2405 requiret.
1497 2351 1718 2406 Cupimus
1755 2361 1987 2407 praeterea

351 2408 548 2451 melioris
570 2408 677 2449 boni
714 2422 867 2459 causa,
888 2415 938 2450 ut
956 2408 1099 2463 primo
1125 2409 1316 2451 triennio
1335 2417 1411 2452 aut
1430 2411 1725 2463 quadriennio
1744 2413 1800 2455 V.
1824 2414 1875 2455 Ρ.
1897 2428 1985 2455 nu-

350 2481 524 2510 merum
547 2468 729 2522 plenum
753 2481 843 2509 non
867 2467 1015 2509 mittat
1037 2483 1211 2519 eorum,
1238 2483 1350 2523 quos
1368 2469 1578 2521 diximus,
1599 2485 1656 2513 ne
1681 2471 1980 2523 aduersarios,

350 2525 396 2567 in
420 2540 610 2580 quorum
635 2526 781 2568 medio
805 2541 1054 2578 uersamur,
1076 2527 1262 2569 nimium
1286 2528 1528 2578 irritemus,
1550 2529 1741 2571 maxime
1760 2544 1862 2572 cum
1880 2533 1982 2574 nul-

350 2585 440 2626 lam
464 2600 554 2627 non
577 2599 731 2627 ansam
756 2586 874 2627 ultro
898 2585 1090 2629 subinde
1120 2595 1338 2639 quaerant
1361 2587 1630 2642 impediendi
1659 2589 1982 2633 catholicorum

351 2651 558 2686 conatus.
586 2644 778 2694 Deinde,
806 2646 926 2709 quod
949 2652 1123 2686 certum
1147 2647 1394 2688 habeamus
1416 2647 1659 2701 magistros
1688 2662 1778 2690 non
1801 2650 1982 2692 habitu-

351 2717 423 2745 ros
446 2702 694 2757 discipulos
723 2702 897 2754 statim,
923 2703 1088 2757 quibus
1118 2711 1184 2746 tot
1207 2705 1372 2748 classes
1406 2706 1700 2748 constituant.
1731 2709 1982 2759 Postremo,

350 2777 453 2804 cum
489 2777 625 2805 unam
659 2761 969 2804 difficultatem
1009 2763 1154 2804 solum
1195 2764 1252 2804 ad
1291 2764 1538 2818 periculum
1572 2765 1830 2819 timeamus,
1867 2769 1987 2821 quod

351 2829 446 2863 tum
471 2828 666 2871 nostros,
695 2828 789 2862 tum
813 2820 1052 2864 Societatis
1076 2829 1254 2865 uestrae
1272 2823 1581 2866 sanctissimos
1599 2832 1788 2867 conatus
1807 2827 1987 2869 turbare

351 2887 531 2936 posset,
566 2854 677 2922 illud
706 2879 972 2935 prouinciali
1005 2887 1050 2923 et
1083 2882 1140 2923 D.
1175 2882 1415 2925 Lamberto
1447 2890 1623 2927 mature
1654 2885 1985 2940 proposuimus:

424 3016 429 3035 ¹
485 3015 689 3063 Mai-quard
709 3027 784 3051 von
804 3016 1020 3052 Hattstein.
1414 3020 1428 3040 ²
1481 3019 1674 3055 Antonius
1700 3020 1840 3056 Vinck.
