2101 3348
394 263 463 308 692
908 263 1047 297 EPIST.
1074 261 1118 296 P.
1147 259 1419 305 NADAL-578

1103 414 1219 454 578

758 499 802 534 P.
829 497 1149 534 EVERARDUS
1173 497 1556 534 MERCURIANUS

674 583 885 626 PATRI
932 582 1356 626 HIERONYMO
1404 581 1648 625 NADAL

891 685 1051 721 ROMAE,
1079 684 1123 721 25
1149 684 1258 723 JUNu
1287 683 1376 721 1575
1396 675 1426 710 ¹.

383 762 444 798 De
463 761 726 797 universitate
744 761 1066 806 mussipontana:
1085 761 1132 796 de
1150 760 1318 808 collegio
1335 770 1519 794 romano:
1535 759 1583 793 Ρ.
1596 759 1781 804 simenez
1798 763 1926 796 rector

840 819 1181 867 poenitentiariae
1199 819 1470 855 renuntiatus.

428 904 457 962 †
518 906 621 948 Due
644 918 756 947 sono
778 904 820 946 10
841 904 1001 947 lettere
1029 903 1074 946 di
1097 905 1153 947 V.
1182 905 1257 957 R.,
1284 904 1368 946 3110
1397 902 1519 958 quali
1541 917 1652 946 sono
1681 902 1724 945 d'
1748 903 1904 947 auizzo
1927 903 1976 947 di

338 982 617 1039 rispondere,
642 981 670 1024 l'
694 996 787 1024 una
803 981 908 1024 delli
928 982 981 1024 28
1000 980 1044 1023 di
1063 983 1233 1034 Marzo,
1254 981 1283 1023 l’
1304 981 1417 1023 altra
1434 981 1536 1024 dell’
1557 981 1715 1023 ultimo
1733 980 1777 1023 di
1795 981 1969 1037 Aprile.

340 1059 658 1116 Ringraziamo
681 1058 787 1101 tutti
804 1058 892 1102 Dio
914 1058 1084 1115 Sign‘or
1105 1065 1277 1111 nostro,
1307 1057 1338 1100 il
1367 1058 1499 1113 quale
1521 1057 1725 1114 prosperi
1756 1058 1799 1102 la
1826 1057 1971 1101 sanita

339 1137 458 1181 della
480 1139 533 1180 R.
555 1138 632 1189 V.‚
653 1143 698 1179 et
716 1151 801 1179 con
819 1137 993 1193 grande
1010 1142 1056 1179 et
1071 1135 1336 1192 particolare
1352 1135 1442 1177 mia
1460 1135 1767 1180 consolatione
1784 1134 1976 1179 intendo

342 1228 520 1271 sempre
542 1213 685 1256 simile
708 1228 877 1266 nuoua,
908 1212 1196 1255 disiderando
1218 1212 1406 1256 insieme
1428 1227 1559 1268 sapei:
1581 1227 1629 1256 se
1658 1220 1920 1256 ueramente
1940 1213 1971 1255 li

342 1305 503 1334 manca
525 1305 631 1334 cosa
652 1291 834 1343 alcuna,
860 1289 1073 1333 dandomi
1095 1289 1183 1332 Dio
1206 1289 1374 1346 Signor
1396 1296 1552 1332 nostro
1586 1290 1778 1344 qualche
1805 1289 1971 1334 diside—

340 1368 406 1411 rio
428 1367 473 1410 di
496 1367 700 1421 aiutarla,
727 1374 896 1423 quanto
919 1366 979 1409 mi
997 1367 1096 1409 sara
1118 1366 1346 1423 possibile.
1373 1367 1426 1410 L’
1449 1366 1696 1409 uniuersita
1713 1366 1758 1409 di
1777 1369 1924 1410 Ponto
1947 1381 1973 1409 a

341 1447 555 1488 Mossone
579 1459 636 1488 ua
658 1444 951 1487 stabilendosi
974 1458 1060 1486 con
1083 1444 1125 1486 la
1153 1443 1299 1500 gratia
1325 1444 1397 1500 [di]
1429 1443 1517 1486 Dio
1541 1444 1571 1486 ².
1615 1445 1688 1486 Ha
1711 1444 1773 1485 fin
1795 1445 1906 1486 hora
1928 1443 1975 1486 di

340 1528 534 1574 entrata,
560 1521 605 1563 di
628 1521 701 1564 cui
723 1520 759 1564 si
783 1522 807 1564 e
830 1535 961 1577 preso
989 1520 1020 1562 11
1048 1535 1273 1577 possesso,
1299 1535 1378 1576 per
1400 1520 1558 1564 uiuere
1586 1521 1630 1562 di
1653 1521 1709 1563 00
1737 1520 1781 1562 (11
1810 1520 1969 1564 nostri.

341 1599 395 1641 28
419 1598 460 1641 ci
482 1613 594 1642 sono
616 1598 706 1654 gia,
733 1613 819 1641 con
843 1599 866 1640 8
891 1598 1047 1642 5011010
1070 1605 1239 1653 aperte,
1268 1611 1352 1652 3oo
1375 1597 1551 1650 scolari,
1584 1597 1861 1642 habitatione
1891 1612 1977 1654 per

345 1688 426 1718 100
448 1676 505 1719 (10
527 1675 683 1728 nostri,
709 1675 847 1731 vigna
869 1675 915 1718 in
937 1690 1040 1719 casa
1062 1689 1141 1731 per
1164 1676 1243 1718 dar
1273 1674 1379 1718 uino
1401 1690 1427 1717 a
1454 1687 1503 1718 12
1527 1676 1583 1717 de
1606 1674 1763 1718 nostri:
1795 1675 1837 1718 ci
1859 1690 1971 1719 sono

339 1752 352 1794 i
374 1752 565 1809 principi
588 1754 671 1795 che
692 1754 844 1795 hanno
869 1767 929 1795 un
952 1752 1144 1808 collegio
1172 1767 1196 1795 a
1218 1758 1360 1808 parte,
1386 1751 1481 1795 cioe
1505 1751 1535 1793 11
1566 1751 1691 1808 figlio
1714 1752 1786 1795 del
1814 1744 1975 1809 signor-

339 1830 456 1873 duca
489 1829 533 1871 di
572 1830 748 1873 Lorena
771 1831 803 1881 ³,
836 1828 866 1870 il
890 1829 1064 1872 fratello
1092 1829 1209 1872 della
1240 1828 1397 1885 regina
1430 1843 1585 1872 nuoua
1614 1828 1657 1871 di
1681 1829 1870 1872 Francia
1896 1830 1929 1882 ⁴,
1955 1829 1970 1872 i

340 1906 502 1949 fratelli
524 1906 568 1948 di
591 1906 734 1950 Ghisa
773 1908 803 1949 5.
831 1905 885 1949 Ci
915 1906 937 1949 ὲ
976 1920 1089 1949 anco
1118 1906 1148 1948 il
1173 1905 1239 1961 3.⁰
1278 1905 1469 1962 collegio
1506 1906 1577 1962 pei
1606 1906 1864 1958 conuittori,
1897 1906 1971 1951 dei

340 1983 461 2039 quali
486 1998 577 2026 non
599 1985 751 2026 hanno
773 1983 887 2026 altra
909 1997 1015 2026 cura
1040 1983 1054 2025 i
1076 1983 1217 2026 nostri
1247 1984 1332 2027 che
1354 1982 1399 2025 di
1428 1982 1668 2040 insegnare
1696 1984 1791 2026 loro
1813 1984 1977 2028 lettere-

341 2067 386 2104 et
403 2061 539 2117 pieta.
567 2062 624 2103 Et
647 2061 722 2117 gia
743 2060 788 2103 di
810 2060 1084 2117 Argentina,
1105 2061 1271 2104 ducato
1287 2060 1332 2103 di
1348 2062 1579 2116 Duponte,
1604 2067 1649 2103 et
1680 2061 1877 2104 contado
1901 2062 1972 2105 del

412 2245 421 2263 ¹
474 2245 532 2279 Ex
555 2246 742 2291 Regesto,
772 2244 866 2279 Cod.
896 2254 939 2290 33
957 2244 1015 2290 j),
1043 2244 1087 2280 ff.
1118 2254 1162 2290 29
1188 2257 1226 2291 v,
1253 2243 1317 2280 30.
1343 2245 1388 2280 In
1406 2245 1593 2291 margine:
1615 2246 1664 2280 P.
1692 2246 1850 2281 Natale.
1872 2245 1977 2281 Vide

342 2304 457 2350 epist.
480 2312 547 2348 575
568 2309 606 2338 01
625 2304 708 2349 576,
727 2302 868 2351 quibus
887 2303 950 2338 1110
967 2303 1240 2350 respondetur.

411 2366 424 2385 2
476 2364 536 2397 De
560 2362 710 2408 origine
738 2362 1005 2398 universitatis
1030 2362 1349 2409 mussipontanae
1366 2363 1740 2410 (Pont-a-Mousson)
1763 2363 1813 2399 cf.
1839 2364 1974 2409 PRAT,

340 2422 552 2458 Maldonat
569 2427 605 2457 et
624 2422 651 2456 Z’
672 2423 890 2457 universite'
908 2423 955 2457 de
979 2422 1117 2466 Paris,
1137 2422 1209 2457 lib.
1233 2423 1300 2464 IV,
1321 2434 1404 2469 cap.
1426 2432 1462 2459 2.

412 2483 426 2502 ⁵
476 2481 639 2516 Carolus
657 2480 706 2515 de
724 2480 988 2526 Lotharingia,
1007 2481 1074 2527 qui
1099 2486 1234 2527 postea
1259 2493 1280 2516 a
1303 2481 1415 2517 Sixto
1434 2482 1469 2517 V
1492 2493 1649 2517 romana
1667 2493 1834 2528 purpura
1858 2481 1968 2517 deco—

339 2546 446 2576 ratus
465 2540 555 2575 fuit.
579 2539 644 2575 Cf.
670 2539 952 2585 C1AccoN1uM,
973 2541 1045 2574 loe.
1066 2539 1149 2585 cit.,
1169 2541 1220 2583 II,
1243 2541 1350 2584 1256.

414 2602 427 2622 '⁶
476 2599 653 2645 Carolus,
672 2598 774 2633 filius
793 2599 957 2641 Nicolai,
978 2599 1131 2634 comitis
1150 2599 1198 2634 de
1217 2599 1477 2646 Vaudemont‚
1497 2606 1535 2635 et
1555 2601 1672 2635 frater
1695 2600 1853 2646 reginae
1880 2600 1970 2636 Gal-

339 2660 415 2695 liae
440 2658 628 2704 Aloisiae,
654 2657 784 2692 uxoris
813 2658 973 2693 Henrici
1004 2658 1079 2693 III.
1115 2658 1204 2693 Fuit
1235 2658 1439 2705 episcopus
1471 2658 1664 2706 tullensis,
1696 2665 1735 2695 et
1765 2659 1975 2695 cardinalis

339 2723 493 2755 creatus
517 2730 539 2753 a
570 2716 759 2763 Gregorio
777 2717 884 2760 XIII,
906 2728 982 2752 non
1013 2728 1114 2752 anno
1141 2725 1244 2763 1572,
1270 2723 1312 2753 ut
1336 2717 1491 2764 scripsit
1515 2719 1744 2762 CHIUSOLE,
1779 2717 1970 2754 Genealo-

334 2779 412 2825 gia
430 2778 530 2813 delle
553 2788 639 2812 case
659 2776 735 2823 pist
759 2776 916 2811 illustri
941 2776 1005 2811 del
1026 2777 1183 2819 mondo,
1214 2788 1302 2823 pag.
1329 2777 1412 2821 622;
1439 2777 1508 2812 sed
1532 2789 1630 2813 anno
1661 2779 1762 2822 1578,
1789 2783 1831 2813 111
1854 2779 1976 2813 habet

341 2836 613 2879 CJAccomns,
636 2836 715 2870 loc.
738 2834 821 2880 cit.,
843 2835 893 2876 II,
917 2834 1019 2870 1228.

412 2896 426 2917 ⁵
476 2896 583 2929 Duos
597 2893 736 2943 fratres
754 2893 890 2928 habuit
904 2893 1112 2937 Henricus,
1127 2892 1205 2928 dux
1221 2893 1431 2939 Guisanus,
1449 2894 1496 2930 de
1511 2906 1586 2942 quo
1601 2896 1662 2931 hic
1677 2900 1737 2931 est
1751 2907 1889 2939 sermo,
1912 2906 1967 2931 50.

339 2954 522 2990 Carolum
543 2953 682 2988 ducem
709 2951 758 2987 de
783 2952 976 2998 Mayenne
999 2953 1267 2999 (1554-1611),
1293 2959 1332 2988 et
1358 2953 1597 2990 Ludovicum
1623 2954 1877 3000 (1555-1588),
1902 2954 1971 3001 qui

338 3012 544 3048 cardinalis
569 3023 590 3046 a
614 3011 806 3056 Gregorio
837 3011 931 3045 XIII
956 3022 1056 3045 anno
1084 3011 1172 3056 1578
1197 3017 1443 3059 nuncupatus
1469 3013 1555 3049 fuit.
1588 3013 1654 3050 Cf.
1685 3013 1968 3058 CIACCONIUM,

337 3072 416 3108 loc.
440 3072 524 3119 cit.,
546 3070 650 3111 1226;
671 3075 710 3105 et
729 3069 957 3114 CHmsoLE,
979 3071 1054 3107 loc.
1073 3071 1155 3115 cit.,
1176 3082 1270 3117 pag.
1292 3071 1374 3117 624.
