2141 3358
320 216 362 242 V1
756 205 1010 240 PROOEMIUM
1036 208 1175 235 TERTII
1201 207 1428 236 VOLUMINIS

272 307 458 351 luminis
493 307 736 350 editionem
780 311 1002 361 repertae,
1036 316 1149 357 quas
1184 300 1231 343 in
1262 301 1578 356 Supplemento
1602 297 1744 340 totius
1782 297 1916 342 seriei

274 391 409 433 simul
438 390 593 432 ordine
623 387 949 443 chronologico
982 384 1268 440 reponendas
1306 382 1520 425 duximus
1550 381 1607 425 ad
1631 378 1802 425 Calcem
1825 382 1913 423 hu-

269 475 347 530 jus
370 472 628 517 voluminis.

365 558 523 599 Exstat
541 563 774 611 praeterea
791 553 955 609 ingens
973 564 1191 594 numerus
1207 549 1516 604 epistolarum,
1531 548 1603 591 vel
1619 562 1645 589 a
1659 546 1826 598 Natali,
1842 546 1915 589 vel

277 642 374 697 ejus
399 640 594 693 nomine,
621 642 677 683 ad
708 639 967 682 universam
991 635 1268 680 Societatem
1302 633 1571 689 scriptarum
1605 646 1659 676 eo
1694 638 1913 687 tempore,

279 741 369 781 quo
392 725 464 768 ille
482 724 637 767 vicarii
662 722 887 779 generalis
909 720 1057 764 officio
1087 719 1366 774 fungebatur
1395 730 1476 773 pro
1500 715 1703 772 generali
1725 729 1919 771 praepo—

280 809 367 851 sito
391 807 574 863 Borgia‚
608 806 684 862 qui
714 806 760 848 in
783 804 1050 861 Hispaniam
1074 818 1100 846 a
1122 815 1301 844 summo
1323 799 1541 856 pontifice
1564 798 1646 841 Pio
1676 800 1733 852 V,
1769 812 1924 842 comes

284 890 523 934 cardinalis
546 889 860 941 Alexandrini,
892 889 949 931 ad
978 901 1134 943 regem
1156 884 1417 940 Philippum
1457 882 1623 925 missus
1646 883 1810 926 fuerat.
1837 881 1924 924 His

281 976 484 1031 profecto
501 973 662 1018 litteris
685 974 812 1029 plura
835 978 1018 1015 nostrae
1040 969 1174 1014 seriei
1198 967 1428 1011 volumina
1449 967 1636 1023 implere
1666 980 1919 1022 possemus;

283 1060 340 1101 ab
363 1058 416 1100 iis
439 1065 590 1102 tamen
613 1059 701 1099 hoc
724 1057 823 1099 loco
846 1054 1033 1098 edendis
1057 1053 1189 1097 nobis
1207 1051 1527 1095 abstinendum
1545 1049 1920 1102 existimavimus3

283 1141 389 1185 licet
411 1140 531 1184 enim
554 1155 580 1183 a
601 1139 751 1183 Natali
773 1140 904 1182 datae
929 1137 1112 1190 fuerint,
1139 1137 1195 1179 ad
1220 1134 1436 1191 Borgiam
1459 1133 1610 1190 potius
1628 1140 1833 1190 spectare
1856 1131 1925 1174 vi·-

286 1225 465 1277 dentur,
493 1224 623 1279 cujus
656 1223 838 1266 nomine
866 1229 910 1265 et
933 1220 1220 1272 auctoritate,
1248 1220 1301 1263 P.
1333 1217 1508 1261 Natalis
1539 1217 1813 1262 Societatem
1836 1229 1926 1272 gu-

290 1308 528 1352 bernabat.
555 1308 731 1350 Paucas
759 1305 1054 1348 nihilominus
1084 1319 1139 1348 ex
1169 1303 1337 1347 iisdem
1356 1302 1431 1345 hic
1461 1301 1727 1345 inserendas
1749 1299 1926 1344 censui-

290 1405 406 1443 mus,
441 1405 558 1446 quae
595 1391 651 1433 ad
683 1389 857 1433 Natalis
894 1396 1025 1445 gesta
1063 1387 1329 1430 illustranda
1359 1387 1608 1429 collaturae
1640 1384 1929 1436 videbantur,

292 1472 620 1529 praetermissis
652 1472 877 1516 interdum
916 1471 1229 1528 paragraphis,
1262 1485 1380 1526 quae
1412 1470 1469 1512 ad
1502 1469 1712 1512 Natalem
1749 1466 1935 1510 minime

295 1564 520 1613 spectant.
547 1558 602 1599 Et
626 1558 739 1599 haec
762 1556 818 1599 de
841 1555 972 1611 copia
994 1561 1412 1599 monumentorum.

381 1642 449 1683 De
479 1640 650 1683 ratione
678 1646 830 1683 autem
859 1654 885 1682 a
912 1638 1046 1682 nobis
1076 1645 1257 1682 servata
1286 1637 1331 1679 in
1359 1637 1538 1680 illorum
1572 1635 1787 1687 editione,
1813 1633 1934 1677 dixi-

294 1739 395 1767 mus
412 1724 504 1778 jam
528 1724 571 1765 in
594 1723 871 1779 praefatione
891 1722 1109 1779 generali,
1142 1735 1258 1777 quae
1288 1722 1484 1765 habetur
1507 1720 1552 1763 in
1581 1719 1680 1775 ipso
1709 1717 1938 1761 vestibulo
1964 1738 1967 1743 ·

300 1806 430 1862 primi
453 1806 714 1860 voluminis,
740 1820 879 1862 pagg.
907 1819 1117 1849 xx-xxn.

395 2069 437 2101 2.
502 2057 809 2112 Epistolarum
829 2062 868 2100 et
885 2061 1281 2100 monumentorum
1297 2055 1621 2113 genera.—-Ut
1637 2052 1839 2109 priorum
1856 2065 1943 2093 vo-

306 2141 544 2192 luminum,
570 2140 632 2183 ita
653 2143 788 2195 hujus
806 2148 1100 2184 monumenta
1122 2141 1179 2183 ad
1202 2140 1409 2183 intimam
1432 2136 1609 2181 Natalis
1626 2151 1728 2180 cum
1748 2148 1945 2191 praepo—

307 2223 405 2266 sitis
433 2223 721 2279 generalibus
754 2224 994 2268 Societatis
1016 2223 1476 2267 communicationem
1505 2221 1563 2266 de
1583 2218 1941 2277 provinciarum,

310 2306 606 2363 collegiorum
636 2315 679 2350 et
708 2322 999 2363 personarum
1030 2308 1243 2365 negotiis,
1269 2321 1436 2363 magna
1474 2320 1529 2350 ex
1567 2311 1696 2361 parte
1729 2302 1941 2346 attinent.

309 2390 441 2433 Unde
459 2389 589 2432 facile
608 2390 873 2446 intelligitur
890 2391 1111 2446 ejusmodi
1130 2391 1346 2447 epistolas
1368 2385 1745 2444 historiographis
1764 2385 1946 2442 potissi-

311 2488 434 2516 mum
463 2473 611 2525 utiles,
648 2488 704 2516 ne
727 2473 873 2516 dicam
905 2475 1198 2527 necessarias,
1236 2473 1577 2525 existimandas,
1608 2477 1660 2514 ut
1682 2483 1834 2512 rerum
1858 2482 1944 2525 ge-

312 2565 485 2599 starum
504 2557 740 2600 veritatem
759 2557 985 2613 attingere
1002 2566 1188 2613 queant.
1210 2560 1266 2601 Et
1284 2560 1370 2601 hoc
1389 2570 1557 2613 genere
1575 2553 1835 2597 continetur
1858 2567 1951 2594 ma-

315 2639 433 2681 xima
462 2646 719 2681 nostrorum
750 2648 1145 2684 monumentorum
1170 2656 1289 2698 pars.
1316 2643 1434 2686 Sunt
1457 2637 1750 2683 nihilominus
1779 2642 1824 2680 et
1847 2635 1951 2688 alia,

316 2723 434 2766 inter
466 2737 582 2777 quae
616 2723 808 2778 primum
848 2725 995 2766 locum
1027 2725 1112 2768 sibi
1148 2725 1383 2768 vindicant
1416 2722 1634 2766 nonnulla
1667 2719 1822 2775 magni
1856 2733 1955 2761 mo*

317 2807 457 2850 menti
480 2806 770 2860 documenta,
796 2822 820 2850 a
845 2808 934 2851 PP.
961 2808 1130 2862 Natali,
1156 2808 1340 2851 Canisio
1363 2814 1408 2851 et
1430 2807 1652 2850 Ledesma
1680 2801 1952 2858 subscripta,

318 2896 363 2931 et
387 2888 583 2945 Borgiae
605 2890 725 2956 data,
752 2897 801 2932 ut
825 2898 981 2933 sancto
1008 2891 1088 2933 Pio
1112 2893 1169 2943 V,
1196 2893 1253 2934 de
1275 2891 1401 2934 exitu
1424 2894 1681 2933 conventus
1710 2884 1955 2941 augustani

318 2972 536 3026 sollicito,
569 2972 912 3026 exhiberentur3
947 2988 1061 3028 quae
1091 2975 1274 3029 quidem
1304 2974 1401 3018 aliis
1431 2971 1653 3016 similibus
1681 2982 1956 3012 monumen-
