2101 3348
798 225 839 262 31
869 228 1022 263 MARTn
1050 228 1140 273 1576
1670 234 1740 272 715

914 400 1031 440 597

582 482 626 517 P.
644 483 962 526 EVERARDUS
987 484 1368 521 MERCURIANUS

491 560 715 603 PATRI>
746 562 1173 606 HIERONYMO
1217 563 1460 606 NADAL

702 657 860 691 ROMAE,
881 649 922 684 31
943 659 1087 685 MARTn
1108 651 1197 696 1576
1216 651 1242 687 ¹.

155 722 317 758 Socium
341 723 484 760 Natali
507 724 649 770 offert:
673 727 968 762 concionatores
990 728 1140 763 Romae
1171 729 1339 775 optimos
1370 739 1448 764 esse
1478 726 1621 775 refert:
1649 727 1792 774 templi

365 784 609 820 Farnesz'czni
620 789 873 833 progressus:
888 790 1173 833 procuratores
1192 788 1327 823 urbem
1346 788 1581 823 adveniunt.

242 868 388 912 Doleo
409 868 559 911 minus
581 870 754 912 firmam
778 884 877 914 esse
899 873 1005 914 R.³·⁰
1029 873 1155 914 Tuae
1183 871 1510 923 valetudinem,
1536 870 1601 913 vti
1632 870 1785 926 proxi-

153 944 238 987 mis
259 945 419 989 litteris
442 945 734 1001 significauit,
755 955 953 1003 optoque
976 955 1024 990 ut
1041 948 1265 991 Dominus
1281 950 1423 1000 Deus,
1444 947 1520 1003 qui
1538 962 1673 990 verus
1690 962 1786 991 me—

153 1016 283 1065 dicus
305 1029 387 1075 est,
413 1023 532 1066 illam
555 1024 805 1069 instaurare
827 1025 1057 1081 dignetur.
1080 1025 1175 1067 Etsi
1198 1033 1349 1068 autem
1381 1039 1472 1067 non
1496 1024 1655 1067 dubito
1677 1023 1786 1080 quin

156 1098 228 1141 isti
268 1101 441 1152 Patres,
481 1116 562 1157 pro
599 1116 682 1144 sua
719 1101 906 1158 egregia
943 1101 1177 1154 charitate,
1224 1102 1429 1144 studiose
1466 1116 1596 1158 opem
1639 1103 1788 1144 ferant

156 1176 210 1218 R.
224 1182 263 1202 ae
288 1177 430 1229 Tuae,
449 1193 540 1220 non
556 1179 702 1221 solum
724 1178 900 1231 studiis,
921 1179 1001 1223 sed
1024 1179 1158 1223 etiarn
1181 1172 1430 1221 valetudini
1452 1193 1504 1221 ac
1526 1178 1679 1230 aetati,
1705 1192 1785 1220 ve-

157 1252 232 1294 lim
256 1260 305 1294 vt
326 1255 416 1296 huc
437 1262 679 1298 venturum
701 1263 1040 1312 procuratorem
1062 1256 1322 1308 conueniat,
1349 1264 1394 1300 et
1416 1271 1495 1311 per
1522 1271 1626 1299 eum
1656 1254 1790 1298 nobis

154 1330 441 1384 desyderium
465 1347 598 1374 suum
621 1332 864 1389 significet,
889 1333 926 1376 si
949 1348 1084 1388 quem
1106 1335 1223 1377 forte
1245 1333 1350 1375 hinc
1379 1332 1496 1375 mitti
1518 1333 1640 1375 velit.
1667 1333 1787 1375 Nos-

155 1421 244 1462 que
265 1408 474 1451 dabimus
496 1423 679 1465 operam
710 1417 781 1463 ut,
807 1410 846 1454 si
876 1410 976 1466 quis
1004 1410 1077 1453 hic
1106 1410 1300 1454 idoneus
1322 1409 1480 1461 fuerit,
1507 1424 1611 1453 eum
1633 1398 1787 1452 mitta—

153 1498 270 1526 mus.
298 1486 399 1527 Hoc
425 1485 594 1529 ieiunio
622 1488 752 1529 multi
782 1489 950 1531 Romae
980 1494 1087 1530 sunt
1116 1494 1398 1543 praestantes
1426 1486 1784 1542 concionatores,

152 1559 269 1605 inter
291 1576 404 1617 quos
421 1571 577 1606 nostro
601 1564 710 1607 satis
729 1564 946 1609 foeliciter
964 1565 1099 1617 cedit,
1122 1566 1260 1609 habet
1278 1564 1397 1609 enirn
1417 1564 1674 1607 auditorum
1692 1578 1786 1606 ma-

153 1653 290 1694 gnam
320 1640 643 1695 frequentiam,
675 1649 719 1686 et
747 1643 868 1697 quod
897 1642 1189 1698 praecipuum
1219 1649 1308 1693 est,
1336 1643 1533 1684 fructum
1563 1648 1790 1683 testantur

155 1717 341 1760 crebrae
363 1718 684 1761 confessiones.
709 1719 887 1775 Templi
910 1719 1050 1762 nostri
1073 1719 1214 1762 moles
1235 1733 1290 1762 eo
1320 1718 1407 1761 iam
1430 1732 1670 1774 progressa
1698 1724 1783 1770 est,

157 1800 201 1836 et
224 1794 514 1849 progreditur
535 1795 669 1838 etiam
692 1810 814 1840 nunc
836 1796 881 1838 in
903 1795 1016 1848 dies,
1036 1803 1085 1838 vt
1102 1795 1341 1839 cardinalis
1359 1802 1508 1851 speret
1525 1795 1641 1837 intra
1656 1794 1788 1838 bien—

156 1869 281 1912 nium
300 1870 345 1912 in
363 1886 416 1914 eo
433 1886 611 1915 sacrum
628 1872 885 1917 faciendum
904 1887 1019 1926 esse,
1041 1874 1160 1928 quod
1178 1879 1223 1916 et
1240 1887 1322 1914 nos
1340 1886 1588 1928 speramus,
1606 1871 1643 1914 si
1660 1873 1789 1915 Deus

155 1961 258 1989 eum
277 1947 407 1990 nobis
429 1948 699 1992 incolumem
717 1949 909 1992 seruarit
930 1951 962 1991 ².
986 1951 1307 1992 Procuratores
1324 1948 1664 2004 prouinciarum
1681 1962 1785 1991 coe-

154 2031 320 2079 perunt
351 2026 619 2078 aduentare,
650 2026 767 2070 inter
799 2041 913 2082 quos
951 2033 996 2069 et
1025 2028 1160 2069 frater
1190 2026 1371 2082 quidam
1409 2032 1564 2069 noster
1593 2024 1788 2068 Messico

153 2102 209 2143 ad
234 2116 315 2145 nos
338 2102 476 2154 venit,
502 2102 740 2146 incolumis
763 2103 960 2159 quidem,
987 2104 1066 2147 sed
1090 2111 1240 2147 tamen
1264 2104 1399 2147 rebus
1422 2102 1648 2155 omnibus,
1675 2116 1792 2157 quas

153 2177 260 2220 naui
285 2178 587 2232 commiserat,
614 2180 868 2236 nauffragio
890 2180 1080 2223 amissis.
1102 2181 1274 2224 Verum
1296 2195 1396 2223 earn
1419 2179 1638 2223 iacturam
1657 2178 1787 2221 facile

154 2262 466 2311 compensant,
502 2271 618 2311 quae
646 2256 684 2299 is
712 2257 842 2300 nobis
879 2258 935 2302 de
968 2272 1088 2300 nouo
1116 2257 1192 2300 illo
1223 2264 1443 2300 terrarum
1476 2258 1607 2308 orbe,
1640 2257 1789 2310 deque

156 2332 323 2384 fructu,
350 2347 484 2387 quem
507 2334 649 2376 nostri
671 2334 717 2376 in
738 2349 791 2378 eo
813 2334 1083 2390 percipiunt,
1110 2341 1446 2378 commemorat.
1473 2333 1604 2377 Faxit
1626 2332 1783 2376 Domi—

156 2423 243 2451 nus
270 2411 396 2453 Deus
418 2417 467 2452 vt
495 2426 623 2454 suam
652 2411 739 2455 illis
761 2419 806 2454 et
837 2412 967 2455 nobis
1000 2411 1211 2455 omnibus
1243 2411 1435 2468 gratiam
1467 2410 1622 2467 largiri
1651 2418 1788 2466 atque

225 2564 234 2584 ¹
285 2566 344 2600 Ex
362 2565 547 2611 Regesto,
571 2567 667 2603 Cod.
691 2578 732 2613 33
747 2567 804 2614 j),
824 2568 896 2604 fol.
919 2576 977 2613 41.
1005 2569 1049 2603 In
1075 2567 1263 2613 margine:
1292 2567 1439 2604 Halae.
1466 2567 1516 2601 P.
1542 2566 1789 2611 Hieronymo

149 2624 306 2662 Natali.
327 2627 427 2662 Vide
445 2628 559 2674 epist.
581 2636 662 2673 592,
683 2628 746 2664 cui
763 2629 859 2664 haec
883 2628 1106 2675 respondet.

222 2684 236 2704 ²
285 2686 412 2734 Hujus
430 2688 566 2734 templi
584 2700 686 2735 pars,
712 2688 854 2724 «sacris
880 2688 1075 2724 destinata
1094 2687 1359 2731 muneribus»,
1378 2697 1480 2722 anno
1501 2694 1591 2731 1577
1610 2686 1788 2721 absoluta

150 2749 224 2784 est.
249 2745 289 2780 in
319 2757 441 2793 eaque
461 2748 651 2794 «primum
675 2760 827 2784 sacrum
852 2759 991 2794 magna
1013 2747 1244 2791 cerimonia,
1264 2759 1309 2782 ac
1327 2745 1526 2793 pontificio
1551 2744 1786 2780 musicorum

148 2804 265 2839 choro
290 2804 569 2852 intercinente,
594 2807 738 2843 Paulus
763 2807 1002 2844 Odescalcus
1027 2807 1242 2854 Episcopus
1266 2806 1398 2841 fecit.»
1425 2805 1680 2846 SACCHINUS,
1711 2804 1785 2839 loc.

147 2862 241 2909 cit.,
260 2863 329 2901 lib.
348 2865 399 2911 V,
418 2877 455 2900 n.
476 2875 535 2902 22.
557 2867 671 2902 Anno
695 2872 826 2902 autem
848 2866 938 2912 1583
956 2873 1080 2902 totum
1100 2867 1288 2913 templum
1313 2866 1549 2912 completum
1574 2863 1661 2898 fuit.
1686 2862 1787 2897 Vide

148 2921 353 2968 epistolam
372 2924 510 2960 Palmii
528 2925 576 2961 ad
598 2926 833 2962 cardinalem
858 2926 1101 2967 Farnesium,
1121 2938 1196 2973 qua
1214 2925 1270 2961 illi
1288 2925 1336 2960 de
1354 2929 1463 2959 tanto
1481 2934 1597 2969 opere
1620 2923 1788 2967 gratula-

149 2984 228 3026 tur,
258 2981 360 3028 apud
390 2983 556 3019 TACCHI
586 2984 795 3029 VENTURI,
823 2985 873 3021 Le
897 2997 983 3021 case
1007 2986 1154 3021 abitate
1185 2986 1228 3020 in
1254 2985 1383 3019 Roma
1407 2984 1460 3018 da
1487 2983 1527 3017 S.
1556 2982 1722 3029 Ignazio
1746 2982 1792 3015 cli

154 3038 309 3085 Loiola,
327 3042 493 3088 append.
513 3042 602 3078 XII.
