2101 3348
349 281 391 308 12
867 271 1005 305 EPIST.
1033 269 1077 304 P.
1106 269 1375 315 NADAL-354

300 373 500 417 cardinal
524 372 568 414 di
591 372 767 414 Altems
797 369 1121 413 ricercandomi
1144 371 1189 413 di
1212 371 1400 414 mandar
1421 385 1480 413 un
1507 369 1702 426 collegio
1730 371 1788 423 la,
1813 372 1930 415 doue

293 450 393 493 dice
416 452 557 493 hauer
581 463 642 490 un
659 448 732 492 bel
755 448 870 490 loco.
891 446 950 490 Di
973 447 1121 502 quello
1143 448 1199 491 de
1217 447 1451 503 Herbipoli
1470 448 1527 491 V.
1555 448 1608 490 R.
1635 447 1870 492 intendera
1887 449 1929 492 la

295 526 588 582 dispositione
611 527 695 567 che
712 524 753 567 ci
771 526 811 568 6.
837 523 894 567 Di
920 531 1038 566 tutto
1055 532 1216 579 questo
1234 539 1341 580 pare
1362 524 1525 568 debbia
1548 539 1670 568 esser
1690 523 1930 569 informato

295 605 351 647 V.
378 605 452 656 R.;
479 603 661 658 perche,
687 616 736 645 se
758 601 795 645 si
813 603 872 645 ha
894 601 939 644 di
963 609 1120 645 trattar
1137 600 1181 643 di
1204 601 1425 654 missioni,
1446 601 1594 657 questi
1610 601 1773 658 paiono
1790 603 1928 646 molto

294 679 552 736 opportuni,
569 687 614 722 et
630 679 677 721 in
694 679 851 735 luoghi
869 679 914 721 di
931 680 1068 721 molta
1081 679 1374 734 importanza,
1389 685 1434 722 et
1452 686 1577 721 tanto
1588 679 1667 735 piu
1685 680 1925 732 fruttuose,

297 759 462 814 perche
484 759 584 801 sara
606 758 648 800 la
670 757 902 801 residenza
927 758 1083 809 ferma,
1109 764 1154 800 et
1176 756 1297 800 doue
1314 755 1344 798 il
1362 757 1501 799 frutto
1518 758 1603 799 che
1624 757 1661 799 si
1685 757 1778 800 fara
1799 760 1931 813 potra

297 833 463 890 meglio
481 833 762 876 conseruarsi
780 840 825 876 et
850 832 1127 876 continuarsi
1146 846 1231 875 con
1249 833 1291 875 la
1309 832 1463 876 diuina
1480 833 1642 890 gratia,
1664 841 1709 878 et
1726 837 1826 878 sara
1843 836 1931 878 ben

298 913 397 964 che,
425 912 652 954 trattando
681 912 798 955 delle
821 910 1022 953 missioni
1045 911 1115 953 col
1144 910 1286 953 Illmo.
1319 910 1469 966 legato
1498 911 1780 964 Comendon,
1807 912 1932 956 siano

298 989 346 1031 in
371 988 729 1032 consideratione
753 987 901 1043 questi
930 987 1102 1043 luoghi.

393 1079 433 1120 3.
501 1066 640 1109 Molte
663 1079 766 1108 cose
789 1064 829 1107 ci
858 1078 969 1107 sono
998 1064 1152 1107 scritte
1181 1065 1298 1109 della
1321 1064 1555 1120 prouincia
1582 1065 1699 1109 della
1727 1066 1932 1122 superior

302 1141 561 1194 Germania,
588 1142 629 1184 la
652 1141 843 1198 risposta
865 1142 981 1185 delle
998 1141 1119 1196 quali
1141 1142 1167 1184 6
1191 1140 1433 1186 rimetterle
1451 1157 1476 1185 a
1498 1143 1556 1185 V.
1583 1143 1637 1185 R.
1665 1142 1790 1185 accio
1806 1143 1850 1186 la
1872 1142 1933 1185 ri-

302 1220 445 1271 solua,
472 1233 498 1261 o
517 1233 624 1262 uero
647 1218 706 1261 mi
724 1218 797 1261 dia
815 1218 956 1261 auiso:
978 1217 1300 1273 specialmente
1321 1218 1465 1262 uorrei
1484 1233 1606 1263 esser
1625 1218 1798 1262 auisato
1816 1220 1933 1264 della

303 1302 472 1339 uenuta
494 1295 538 1338 in
562 1297 701 1338 Roma
723 1296 795 1339 del
818 1296 969 1338 dottor
992 1295 1202 1338 Conrado
1227 1295 1237 1315 ¹
1260 1302 1306 1339 et
1323 1295 1427 1338 delli
1452 1295 1587 1339 Padri
1605 1296 1802 1340 Martino
1826 1297 1932 1341 Ste-

305 1372 535 1425 uordiano,
561 1372 760 1428 Georgio
783 1372 1046 1417 Schorichio
1078 1380 1123 1416 et
1156 1374 1373 1417 Hermete
1403 1375 1438 1426 ²,
1465 1373 1736 1430 predicatori
1759 1375 1814 1418 de
1844 1374 1933 1417 Hi-

304 1451 486 1505 spruch,
507 1463 676 1505 separe
694 1465 718 1492 a
736 1451 787 1492 V.
814 1451 867 1492 R.
894 1463 1087 1505 possano
1104 1464 1184 1505 per
1200 1451 1391 1506 qualche
1410 1457 1560 1507 tempo
1579 1450 1709 1495 uenir
1725 1467 1751 1494 a
1769 1453 1930 1504 Roma,

307 1540 385 1582 per
407 1525 588 1569 aiutarsi
610 1526 687 1582 piu
709 1527 826 1571 nelle
848 1541 952 1570 cose
989 1525 1226 1582 spirituali,
1251 1540 1380 1572 come
1402 1542 1509 1583 pare
1531 1529 1574 1570 10
1607 1535 1736 1571 sente
1758 1528 1788 1570 il
1811 1531 1936 1571 vice—

307 1603 582 1659 prouinciale
605 1604 636 1656 ³3
662 1610 707 1647 et
735 1618 783 1648 se
806 1604 976 1659 paressi
997 1618 1023 1646 a
1052 1604 1109 1646 V.
1135 1606 1189 1647 R.
1222 1605 1306 1647 che
1338 1604 1488 1647 alcuni
1516 1604 1560 1647 di
1590 1605 1685 1647 loro
1707 1619 1798 1648 non
1822 1619 1935 1648 sono

307 1680 387 1723 atti
404 1695 482 1736 per
504 1681 544 1722 le
566 1680 781 1733 missioni,
807 1688 852 1724 et
875 1683 958 1726 che
976 1696 1025 1726 se
1051 1682 1295 1726 douessino
1319 1683 1522 1735 mandar,
1547 1682 1578 1724 li
1600 1684 1729 1739 potra
1751 1683 1938 1726 mandar

308 1758 349 1800 al
371 1772 503 1801 nome
526 1759 582 1800 de
604 1758 745 1801 Iddio.
1911 1812 1915 1816 ,

286 1835 289 1839 ’
396 1848 438 1888 4.
504 1836 682 1880 Alcune
704 1837 816 1880 altre
853 1850 959 1881 cose
981 1838 1067 1882 che
1089 1851 1289 1893 propone
1325 1837 1356 1879 il
1385 1845 1525 1880 rettor
1561 1838 1617 1880 de
1646 1836 1879 1892 Hispruch
1901 1837 1938 1880 si

310 1919 559 1955 remettono
581 1914 724 1957 anche
753 1928 777 1956 a
801 1915 859 1957 V.
885 1915 958 1957 R.;
999 1914 1062 1956 lui
1101 1915 1238 1959 credo
1261 1915 1303 1957 le
1340 1913 1554 1967 scriuera3
1596 1921 1641 1958 et
1662 1914 1692 1956 il
1715 1913 1861 1958 simile
1883 1915 1940 1958 de

307 1990 420 2031 altre
442 1989 513 2032 del
549 1990 697 2032 dottor
722 1991 859 2033 Paolo
882 1991 914 2043 ⁴,
940 1998 984 2034 et
1006 2005 1055 2034 se
1076 1998 1097 2018 ²
1123 1991 1153 2033 li
1191 1991 1366 2048 negotii
1388 1991 1408 2018 ¹³
1436 1991 1552 2034 della
1590 1990 1709 2033 dieta
1746 1990 1939 2047 impedi-

311 2056 452 2107 ranno
474 2067 556 2108 che
585 2080 674 2109 non
699 2067 734 2109 si
764 2082 958 2122 possano
990 2083 1069 2124 per
1092 2069 1252 2112 adesso
1282 2068 1439 2111 uisitar
1461 2067 1791 2124 detticollegii,
1816 2069 1874 2111 ne
1895 2067 1942 2110 in

308 2142 514 2185 absentia
536 2143 573 2185 si
591 2146 717 2198 potra
739 2146 827 2188 ben
848 2145 1067 2190 risoluere
1089 2147 1147 2189 V.
1169 2147 1243 2199 R.;
1265 2146 1446 2200 quando
1466 2145 1650 2188 uisitara
1667 2145 1769 2200 quei
1786 2145 1944 2202 luoghi

310 2220 572 2275 prouedera.
600 2221 632 2262 Il
655 2222 899 2275 prouintial
923 2223 996 2265 del
1019 2224 1178 2266 Rheno
1208 2224 1221 2244 ⁵
1251 2223 1478 2265 domanda
1507 2224 1591 2265 che
1622 2221 1659 2265 si
1685 2224 1744 2265 ha
1772 2223 1829 2265 da
1853 2223 1944 2266 fare

309 2296 356 2338 di
379 2297 483 2351 quel
499 2298 668 2353 jacobo
694 2300 865 2342 Mumtz
892 2306 908 2326 0
923 2335 932 2353 ‚
958 2299 987 2341 il
1010 2300 1116 2355 qual
1134 2307 1203 2343 sta
1225 2301 1387 2344 adesso
1406 2299 1451 2341 in
1470 2299 1660 2342 Colonia
1684 2300 1812 2342 fuora
1829 2300 1945 2342 della

313 2372 595 2429 Conpagnia,
622 2388 670 2418 se
694 2376 946 2420 conuienne
969 2378 1224 2420 absoluerlo
1252 2377 1357 2421 delli
1382 2377 1476 2419 uoti
1497 2391 1524 2419 0
1553 2391 1659 2419 non:
1685 2378 1781 2420 loro
1802 2391 1852 2420 se
1874 2377 1943 2419 in—

313 2449 491 2493 clinano
513 2452 597 2494 alla
622 2459 746 2506 parte
777 2454 1058 2508 affirmatiua;
1085 2462 1129 2498 et
1159 2462 1455 2510 quantunque
1485 2468 1573 2497 non
1605 2454 1666 2496 mi
1689 2469 1797 2510 pare
1824 2469 1850 2497 a
1872 2468 1944 2497 me

314 2526 344 2568 il
367 2527 607 2581 contrario,
628 2528 687 2570 mi
706 2529 934 2574 rimmetto
953 2546 1037 2587 pur
1054 2547 1079 2574 a
1102 2534 1159 2576 V.
1181 2534 1256 2586 R„
1277 2533 1362 2576 che
1383 2545 1578 2576 conosce
1601 2532 1689 2575 ben
1707 2532 1810 2586 quel
1833 2545 1944 2587 sog-

318 2610 446 2660 getto
469 2606 495 2646 ⁶.

384 2746 404 2767 a
443 2738 621 2776 Obscure
641 2741 923 2787 scriptum—¹2
951 2745 1061 2780 Prius
1081 2746 1268 2792 scriptum
1288 2745 1414 2781 fuerat
1430 2746 1460 2781 il
1474 2745 1649 2792 negotio:
1663 2743 1804 2779 deinde
1819 2755 1950 2779 emen-

309 2798 444 2833 datum
462 2804 568 2834 recte
588 2800 634 2842 li‚·
653 2800 721 2835 sed
742 2801 919 2837 relictum
939 2805 1096 2850 negotio
1115 2817 1163 2840 ex
1183 2805 1475 2841 oblivione.-c
1497 2804 1562 2840 Sic
1577 2804 1616 2839 in
1631 2812 1718 2847 ms.;
1735 2802 1805 2838 sed
1819 2803 1951 2848 legen-

310 2856 404 2892 dum
423 2858 563 2893 Musztz
581 2858 826 2894 arbitramur.

388 2961 397 2981 ¹
449 2958 691 3005 Swagerius.
772 2963 786 2982 ²
838 2961 1065 3008 Halpawer.
1146 2965 1160 2984 ³
1210 2965 1255 2999 P.
1273 2964 1539 3000 Theodoricus
1559 2962 1759 3000 Canisius.

383 3019 398 3039 ⁴
449 3018 655 3054 Hoffaeus.
772 3021 786 3041 ⁵
836 3020 885 3055 P.
910 3021 1105 3056 Antonius
1124 3023 1270 3060 Vinck.

385 3078 400 3098 ⁸
449 3078 509 3112 De
528 3088 574 3113 eo
592 3078 682 3114 vide
704 3078 837 3126 Epist.
861 3079 1025 3122 Natal.‚
1045 3081 1097 3125 ΙΙ,
1119 3089 1198 3123 122,
1223 3082 1306 3127 167.
