2101 3348
1867 155 1883 176 C

361 222 431 267 696
880 221 1018 257 EpisT.
1047 220 1091 256 P.
1120 221 1316 256 NADAL—
1321 221 1390 266 582

311 329 357 366 et
379 336 586 377 comprar
609 320 709 364 libri
732 321 788 365 da
812 322 962 377 questi
985 333 1056 376 50,
1078 322 1304 378 spannoli,
1326 329 1370 367 et
1393 322 1438 364 di
1461 322 1597 378 quelli
1620 335 1701 365 100
1725 322 1770 365 di
1793 325 1850 367 V.
1874 309 1948 376 Ρ),

311 406 357 443 et
381 398 425 441 di
449 398 586 454 quelli
611 411 668 442 20
690 399 777 441 che
800 398 862 441 mi
879 405 1114 442 restorono
1132 400 1205 442 dal
1222 400 1397 443 cauallo
1415 406 1460 443 et
1483 399 1647 442 viatico
1676 406 1696 426 a
1718 401 1803 444 che
1825 400 1951 444 siano

312 477 361 517 in
384 476 638 518 subsidium
661 476 917 518 studiorum
946 490 1151 518 meorum
1174 477 1403 530 senilium,
1428 483 1473 521 et
1495 476 1593 520 cusi
1617 490 1703 519 eon
1732 478 1774 519 13
1802 477 1950 533 gratia

310 552 357 594 di
380 552 504 595 Iddio
533 553 701 608 partiro
730 553 881 596 subito
911 553 1032 609 dipoi
1065 554 1107 596 13
1140 554 1454 610 Assumption.
1493 554 1528 596 Il
1566 553 1734 610 Signor
1767 554 1832 598 sia
1864 569 1950 598 eon

311 643 454 672 meco.
481 631 569 672 Del
591 629 783 686 negocio
807 629 912 673 delli
941 630 1129 686 imagini
1157 631 1324 674 vedero
1352 632 1437 675 che
1468 630 1631 673 dicono
1659 630 1706 673 in
1735 632 1952 687 Augusta

312 714 361 749 et
390 706 577 749 scriuiro
606 708 693 750 alla
722 709 774 751 P.
811 708 888 760 V.,
919 707 1114 751 volendo
1143 707 1175 749 il
1203 707 1387 764 Signor.
1420 708 1523 751 Non
1553 721 1740 752 occorre
1762 708 1891 751 altro.
1917 708 1952 751 Il

314 783 484 839 Signor
523 799 604 840 per
632 799 714 827 sua
742 783 1049 828 misericordia
1077 784 1312 840 augmenti
1341 799 1518 840 sempre
1545 784 1576 826 li
1606 783 1672 827 soi
1701 784 1819 827 santi
1847 784 1955 827 doni

313 859 361 902 in
385 861 440 903 V.
470 862 522 903 Ρ.
549 875 575 903 3
598 861 772 918 magior
796 861 944 917 gloria
966 860 1011 903 di
1033 876 1116 905 sua
1139 860 1294 904 diuina
1317 862 1447 913 Mta.,
1469 867 1515 903 et
1531 862 1621 904 ben
1643 861 1821 917 magior
1838 861 1956 905 della

315 938 602 994 Compagnia
625 953 703 995 per
727 938 853 981 molti
876 938 999 981 anni.
1022 940 1187 982 Amen.
1209 939 1314 983 Alle
1331 938 1467 982 misse
1484 945 1529 981 et
1547 938 1738 981 orationi
1755 938 1801 980 di
1819 940 1875 982 V.
1899 940 1951 981 P.

316 1014 362 1056 di
385 1028 522 1058 cuore
546 1015 607 1057 mi
630 1015 910 1068 ricomando,
937 1022 982 1058 et
1006 1015 1111 1064 delli
1136 1015 1271 1059 Padri
1294 1014 1524 1059 assistenti
1546 1021 1591 1059 et
1614 1014 1872 1059 secretario.
1898 1014 1957 1058 Di

315 1092 449 1145 Hala,
478 1106 527 1147 31
555 1092 599 1135 di
622 1093 734 1136 Iulio
763 1103 884 1148 1575.
910 1094 969 1136 D.
997 1095 1050 1136 P.
1078 1094 1135 1137 V.
1162 1107 1297 1137 seruo
1327 1092 1374 1134 in
1404 1092 1507 1145 X.⁰‚

1404 1174 1433 1233 †
1465 1176 1652 1219 NADAL.
1691 1175 1720 1233 †

408 1324 653 1380 Inscriptio
677 1325 726 1367 in
749 1328 916 1381 quarta
931 1325 1129 1381 pagina,
1148 1324 1243 1366 alia
1264 1338 1425 1366 mama:
1443 1323 1471 1381 †
1494 1323 1756 1366 Admodum
1775 1323 1889 1366 Rdo.
1911 1323 1957 1365 in

324 1401 506 1444 Christo
536 1401 661 1444 Patri
690 1402 749 1445 N.
782 1403 835 1445 P.
873 1402 1105 1444 Euerardo
1134 1400 1437 1454 Mercuriano,
1471 1399 1730 1456 praeposito
1760 1399 1961 1456 generali

325 1478 565 1523 Societatis
582 1480 709 1536 JeSU.
736 1479 920 1521 Romae.
947 1479 1056 1521 Alia
1085 1492 1244 1520 mame:
1279 1488 1406 1532 1575.
1439 1477 1572 1519 Hala.
1606 1478 1658 1520 P.
1692 1477 1869 1521 Natale.
1908 1489 1958 1531 31

318 1555 367 1597 di
390 1555 569 1612 Luglio.
596 1556 754 1613 Sigillz·
775 1556 1039 1612 vestigium.

1090 1684 1212 1725 58⁶3

770 1770 824 1813 P.
850 1769 1264 1814 HIERONYMUS
1296 1770 1515 1813 NADAL

657 1858 827 1893 PATRI
858 1857 1188 1895 EVERARDO
1221 1857 1629 1895 MERCURIANO

811 1943 1050 1979 AUGUSTAE‚
1073 1945 1117 1981 29
1136 1944 1318 1972 AUGUSTI
1342 1943 1429 1980 1575
1447 1935 1473 1971 ¹.

680 2013 742 2048 De
760 2013 844 2047 suis
862 2013 1075 2057 laboribus,
1096 2013 1270 2060 scriptis,
1291 2013 1406 2048 libris
1423 2015 1459 2048 et
1477 2013 1604 2048 sociis.
1636 2020 1640 2023 ’

415 2098 443 2154 †
476 2098 619 2141 Molto
651 2098 765 2140 Rdo.
794 2099 846 2140 P.
873 2098 930 2140 N.
964 2096 1010 2139 in
1042 2099 1162 2153 Xpo.
1191 2099 1287 2140 Pax
1315 2096 1391 2140 Χ.ἰ
1420 2097 1514 2141 Son
1543 2103 1712 2140 venuto
1742 2110 1830 2152 qua
1859 2110 1964 2152 pas—

324 2175 469 2217 sando
492 2189 570 2229 per
593 2173 852 2226 Monaehio,
878 2188 959 2229 per
981 2174 1061 2216 dar
1084 2173 1244 2230 ragion
1268 2174 1310 2216 al
1334 2174 1481 2216 Padre
1502 2172 1766 2229 prouincial.
1792 2174 1867 2215 Ho
1885 2186 1962 2215 co-

333 2251 528 2293 mineato
567 2266 592 2293 a
629 2265 835 2306 eomprar
873 2251 1030 2307 alguni
1067 2251 1184 2304 libri,
1224 2257 1269 2293 et
1303 2251 1501 2306 spettaro
1530 2251 1615 2293 che
1642 2249 1874 2305 venghino
1905 2249 1962 2292 da

330 2329 367 2371 F
371 2329 582 2371 rancfort.
610 2327 728 2370 Delli
749 2327 938 2384 imagini
955 2328 969 2347 ‘²
995 2328 1180 2372 intendo
1204 2330 1288 2371 che
1310 2329 1340 2369 l’
1365 2328 1566 2383 sculptor
1588 2327 1661 2370 del
1690 2327 1760 2370 Sr.
1788 2325 1962 2381 Philip-

332 2419 390 2461 po
408 2406 421 2425 ⁵
446 2419 534 2447 non
561 2404 624 2460 gli
645 2404 735 2460 puo
759 2404 935 2460 tagliar.
962 2405 1012 2446 In
1036 2411 1162 2447 tanto
1180 2404 1422 2460 procurare
1444 2405 1528 2447 Che
1550 2403 1587 2446 si
1603 2402 1798 2446 veddino
1819 2403 1862 2446 le
1879 2417 1960 2445 an-

332 2480 555 2524 notationi
579 2488 622 2524 et
645 2480 926 2523 meditationi
948 2482 1005 2523 da
1028 2481 1175 2536 questi
1198 2481 1349 2533 Padri,
1375 2486 1421 2523 et
1442 2480 1550 2523 daro
1579 2479 1738 2535 ragion
1760 2494 1786 2522 a
1809 2480 1870 2522 V.
1904 2481 1957 2522 P.

332 2558 421 2602 Gia
445 2559 529 2600 alla
551 2557 641 2600 mia
663 2565 874 2614 partenza
896 2557 1014 2600 diedi
1044 2557 1203 2613 ragion
1232 2558 1319 2600 alla
1348 2559 1397 2601 P.
1422 2559 1480 2600 V.
1506 2557 1622 2599 delle
1650 2556 1738 2600 mie
1765 2570 1961 2611 occupa-

333 2634 445 2678 tioni
478 2637 561 2678 che
594 2636 774 2678 haueua
811 2634 856 2677 di
892 2636 1034 2678 hauer
1067 2649 1170 2689 qua.
1207 2635 1404 2686 Adesso,
1430 2637 1475 2676 vt
1501 2634 1552 2675 in
1582 2647 1697 2675 nouo
1721 2633 1963 2688 principio,

332 2713 454 2755 deuo
478 2713 545 2755 far
567 2712 597 2754 il
619 2712 881 2764 medesimo,
907 2727 987 2768 per
1009 2726 1132 2754 esser
1156 2711 1345 2768 guidato
1367 2727 1392 2754 a
1415 2710 1549 2766 pieno
1571 2710 1688 2753 della
1710 2716 1839 2753 santa
1860 2711 1966 2753 obe-

406 2833 427 2853 a
467 2834 487 2859 2
506 2825 627 2859 verba
645 2835 756 2871 seqq.
782 2824 821 2859 in
840 2835 967 2869 marg.
991 2823 1121 2858 addita
1139 2828 1230 2858 sunt
1249 2834 1270 2858 a
1288 2823 1339 2858 N.

410 2918 419 2937 ¹
470 2916 528 2950 Ex
547 2914 801 2960 autographo,
822 2913 861 2949 in
880 2913 1007 2960 Epist.
1029 2913 1185 2960 NataL,
1205 2913 1256 2957 ΙΙ,
1275 2912 1421 2959 duplici
1439 2912 1522 2959 fol.,
1542 2911 1611 2956 234
1630 2913 1744 2956 (142).

409 2978 422 2996 ‘2
474 2974 573 3009 Vide
592 2974 693 3020 epist
726 2973 808 3018 581.

402 3035 419 3055 ⁵
470 3033 671 3080 Philippus
690 3032 891 3069 Eduardus
911 3033 1080 3079 Fugger.
1096 3031 1196 3068 Vide
1215 3031 1328 3078 epist.
1347 3029 1431 3077 359,
1446 3042 1484 3066 n.
1502 3029 1536 3075 33
1554 3035 1593 3066 et
1615 3029 1728 3076 infra,
1748 3031 1862 3077 epist.
1880 3029 1963 3074 584.
