2101 3348
764 257 808 293 19
834 248 942 293 JULII
971 256 984 282 1
993 246 1061 292 566
1609 254 1676 291 179

91 351 266 394 tutione
295 349 339 392 di
362 349 543 406 pareehi
573 349 694 392 anni.
722 351 797 393 Ma
819 348 1129 393 conuerrebbe
1156 347 1193 391 si
1221 347 1508 391 mandassino
1537 346 1723 403 giouani

94 428 141 471 di
162 427 299 470 buoni
322 425 516 481 ingenii,
542 433 587 469 et
608 425 987 470 medioeremente
1017 424 1223 468 auanzati
1246 425 1363 467 nelle
1391 425 1566 476 lettere,
1593 438 1722 468 come

94 505 349 548 sarebbono
367 503 502 557 quelli
520 504 604 546 ohe
622 504 865 546 hauessero
883 501 1049 546 sentito
1064 502 1095 544 il
1112 516 1257 554 corso,
1272 516 1298 543 o
1316 508 1450 554 tutto,
1466 515 1492 543 o
1509 501 1555 542 in
1571 501 1726 543 buona

101 588 248 638 parte,
281 580 401 635 quali
433 579 674 623 studiando
703 579 779 639 qui
809 580 850 621 13
879 579 1128 635 theologia,
1154 586 1305 635 presto
1333 578 1368 621 si
1399 560 1634 633 potessino
1665 577 1728 620 ri-

102 658 312 701 mandare
334 673 413 713 per
436 656 597 713 pigliar
617 656 816 711 benefitij
842 656 1001 708 curati,
1022 670 1048 698 O
1072 670 1180 698 uero
1203 655 1373 699 seruire
1396 657 1451 699 de
1473 655 1727 710 predicato-

99 735 153 788 ri,
179 750 205 778 o
228 735 372 777 aiutar
400 734 413 775 i
441 733 615 789 prelati.
648 734 705 775 Et
738 740 898 788 questo
933 734 1062 776 basta
1084 747 1162 788 per
1198 732 1527 775 informatione.
1561 732 1727 775 Nostro

103 813 267 863 padre,
293 813 377 853 che
398 826 493 853 non
514 812 572 852 ha
594 816 753 866 potuto
785 809 1104 853 sottoseriuere
1133 816 1305 864 questa,
1329 824 1407 864 per
1435 823 1525 850 non
1555 815 1647 851 star
1680 808 1725 850 in

96 904 218 942 casa,
243 888 280 931 si
304 887 600 931 raoeomanda
621 887 763 930 molto
785 901 871 929 con
895 886 1000 929 tutti
1023 887 1086 943 gl’
1111 885 1211 928 altri
1234 886 1351 929 nelle
1374 885 1564 928 orationi
1588 892 1632 928 et
1655 900 1730 927 sa-

99 966 251 1021 crificij
277 965 321 1007 di
345 966 401 1008 V.
428 966 482 1007 R.
508 971 554 1007 et
576 965 648 1008 del
672 966 724 1006 P.
750 963 985 1007 XimeneZ.
1012 963 1070 1006 Di
1094 965 1261 1014 Roma,
1294 975 1342 1016 13
1371 963 1426 1004 de
1449 962 1569 1019 Julio
1598 962 1726 1016 1566.

101 1047 169 1088 De
191 1045 247 1087 Vx.
275 1044 327 1085 R.
355 1042 504 1085 sieruo
526 1056 583 1086 en
605 1040 707 1093 X.⁰,
733 1055 812 1097 per
839 1040 1157 1084 commissione
1185 1040 1241 1083 de
1269 1046 1422 1081 nostro
1448 1040 1593 1081 Padre
1623 1052 1727 1094 pre-

99 1121 264 1179 posito,

852 1195 881 1253 †
906 1198 1061 1253 JOANE
1093 1209 1156 1239 DE
1189 1196 1433 1238 POLANeo.
1471 1193 1498 1250 †

193 1275 436 1329 Inscriptio
461 1274 509 1315 in
532 1276 698 1329 quarta
713 1274 922 1329 pagina:
944 1273 1004 1315 Al
1027 1273 1168 1315 molto
1191 1273 1303 1314 Rdo.
1330 1271 1375 1313 in
1399 1272 1483 1313 X.⁰
1508 1271 1654 1315 Padre
1669 1304 1678 1322 ,
1705 1269 1735 1312 il

107 1356 158 1397 P.
184 1353 272 1396 M.⁰
298 1350 563 1395 Hieronimo
590 1350 768 1402 Natale,
798 1349 1031 1393 visitatore
1059 1350 1115 1392 de
1142 1350 1185 1393 16
1213 1356 1393 1404 quattro
1423 1347 1658 1403 prouincie
1685 1347 1732 1390 d’

103 1431 357 1485 Alemagna
379 1429 435 1472 de
458 1429 499 1471 13
521 1427 804 1483 Compagnia
826 1427 872 1469 di
893 1426 1052 1479 Giessi,
1079 1427 1122 1469 in
1147 1426 1337 1470 Vienna.
1362 1428 1408 1467 In
1427 1440 1509 1468 sua
1531 1423 1735 1468 absentia

100 1509 144 1550 al
166 1514 348 1557 rettore,
370 1507 453 1547 che
478 1504 612 1561 gliela
635 1503 814 1560 guardi.
834 1504 982 1546 Manu
1000 1505 1056 1547 P.
1076 1504 1300 1561 Jimenez:
1323 1504 1380 1546 N.
1405 1505 1457 1546 P.
1490 1515 1539 1556 13
1563 1503 1620 1545 de
1642 1503 1735 1546 Lu—

100 1584 205 1641 glio.
231 1583 439 1638 Risposta
463 1581 536 1624 alli
558 1594 586 1635 4
609 1582 665 1625 de
687 1582 881 1637 Agosto.
909 1582 1007 1624 R.t²
1048 1581 1297 1637 Vestigium
1321 1580 1483 1636 sigilli.

861 1675 969 1714 4121

548 1749 600 1791 P.
637 1748 1049 1806 HIERONYMUS
1082 1748 1300 1790 NADAL

433 1822 676 1861 SANCTO
716 1823 1065 1861 FRANCISCO
1109 1824 1185 1858 DE
1222 1823 1414 1869 BORJA

643 1897 857 1934 D1L1NGAE,
881 1898 923 1934 19
936 1898 1037 1932 JUL11
1058 1889 1148 1934 1566
1169 1891 1198 1924 ¹.

109 1971 143 1995 t.
170 1959 335 1994 Labores
354 1958 528 1991 Patrum
549 1956 592 1990 in
611 1958 802 1990 conventu
823 1957 1158 2001 augustana—2.
1188 1954 1411 2001 Collegium
1432 1965 1664 1989 monacense
1679 1953 1739 1988 lu-

150 2021 305 2053 stratur
322 2029 347 2051 a
367 2015 529 2051 Natali:
547 2016 629 2050 dux
647 2015 852 2049 Bavariae
871 2017 906 2049 et
924 2015 1219 2049 concionatores
1238 2014 1459 2049 Societatis:
1478 2013 1741 2048 adolescentes

151 2078 280 2114 selecti
310 2077 353 2111 in
385 2076 618 2110 Societatem
647 2074 1024 2118 admittuntur.—3.
1061 2073 1355 2120 Ingolstadium
1384 2073 1485 2119 petit
1515 2072 1738 2107 Natalis.—

152 2147 191 2181 4.
219 2136 389 2182 Collegii
412 2133 739 2181 ingolstadiensis
763 2133 952 2178 inspectio
975 2135 1011 2168 et
1034 2133 1255 2167 ordinatio:
1282 2131 1571 2168 Bernarctinus
1595 2134 1631 2167 et
1649 2131 1739 2167 Ale-

149 2198 303 2232 xander
322 2196 413 2229 inde
435 2194 580 2228 educti:
606 2193 780 2228 doctores
806 2193 1012 2227 Societatis
1036 2192 1079 2226 in
1106 2192 1381 2227 universitate:
1398 2192 1565 2238 fructus
1588 2191 1739 2226 lustra-

152 2256 299 2291 tionis:
329 2254 521 2300 templum
554 2252 760 2287 societatis
789 2253 966 2297 quadam
996 2252 1185 2286 servitute
1213 2252 1335 2287 eximi
1369 2254 1484 2286 curat
1514 2251 1739 2285 Natalis.—

155 2324 194 2359 5'.
227 2314 442 2360 Dilingam
466 2312 591 2347 venit:
614 2314 799 2346 convocat
816 2312 914 2346 duos
940 2309 1135 2354 Canisios,
1167 2310 1391 2356 Hoffaeunz
1421 2313 1457 2345 et
1491 2308 1739 2345 Leubenstai-

156 2386 267 2409 num:
287 2373 499 2419 collegium
518 2370 797 2406 ordinat.-—-6.
820 2370 1074 2417 Dilingensis
1092 2370 1252 2417 collegii
1269 2371 1389 2405 tertia
1405 2373 1505 2416 pars
1525 2370 1654 2404 denuo
1677 2381 1740 2404 ex·

155 2433 344 2468 struitur:
363 2432 484 2466 totius
497 2430 731 2476 provinciae
744 2432 872 2464 status
885 2429 1213 2476 disponitur.—7.
1233 2428 1470 2464 Contractus
1483 2428 1739 2474 fundationis

159 2491 522 2540 reformatur.--8.
554 2491 648 2525 Tres
671 2490 880 2526 candidati
904 2490 948 2524 in
974 2489 1207 2524 Societatem
1233 2489 1506 2532 admissi.-9.
1537 2488 1594 2522 De
1623 2488 1739 2522 domo

158 2555 390 2599 augustana
408 2553 444 2586 et
467 2550 610 2585 sacello
635 2549 970 2585 Societatis.-Io.
999 2548 1271 2594 Oenipontani
1295 2547 1455 2594 collegii
1477 2547 1575 2581 ordo
1595 2549 1739 2593 propo-

159 2611 288 2646 nitur:
307 2610 546 2657 reginarum
565 2608 967 2650 confessariuS.—11.
994 2606 1272 2643 Cancellarius
1287 2607 1434 2642 Eckius
1451 2609 1487 2641 et
1504 2606 1656 2641 scholae
1673 2606 1738 2641 So—

160 2671 330 2705 cietatis.

207 2748 243 2778 1.
308 2736 395 2777 Ihs.
422 2736 532 2789 Muy
561 2734 675 2776 Rdo.
708 2748 764 2777 en
797 2732 979 2776 Christo
1010 2733 1155 2775 Padre
1183 2739 1385 2776 nuestro.
1421 2735 1515 2775 Pax
1547 2731 1733 2777 Christi.

184 2825 195 2845 ¹
245 2823 302 2857 Ex
327 2823 556 2868 archetypo,
584 2822 632 2856 ab
663 2820 796 2866 ignota
826 2832 941 2855 manu
971 2826 1142 2866 exarato,
1170 2826 1209 2856 et
1240 2832 1260 2854 a
1291 2820 1420 2855 Natali
1452 2820 1671 2866 subscripto
1701 2823 1740 2854 et

113 2881 327 2924 emendato,
351 2881 389 2915 in
414 2881 544 2927 Epist.
572 2880 727 2922 Natal.‚
753 2880 805 2925 ΙΙ,
830 2879 972 2926 trip1ici
997 2879 1079 2923 fol„
1101 2878 1166 2924 143
1191 2880 1305 2925 (127).
1333 2881 1443 2925 Quae
1468 2891 1489 2913 3
1508 2879 1635 2913 Natali
1657 2889 1739 2924 pro-

116 2940 195 2987 pria
218 2952 331 2975 manu
356 2939 560 2974 emendata
583 2940 645 2974 vel
671 2939 801 2974 addita
824 2945 928 2980 sunt,
954 2939 1094 2974 italicis
1121 2939 1225 2985 typis
1252 2940 1484 2974 notabimus.
1505 2938 1635 2983 Magni
1662 2949 1740 2972 mo-

119 2999 237 3034 menti
255 3000 350 3033 haec
368 2998 532 3044 epistola
550 3009 637 3032 esse
655 2997 810 3032 videtur
827 3009 896 3043 pro
913 2997 1073 3032 historia
1090 3003 1308 3033 conventus
1323 2998 1526 3043 augustani
1548 2997 1740 3031 elucidan-

120 3056 184 3103 da,
202 3057 241 3092 in
259 3057 306 3093 iis
324 3057 565 3103 praesertim,
583 3067 681 3102 quae
706 3068 774 3103 per
791 3056 1027 3092 Societatem
1044 3062 1157 3102 gesta
1175 3062 1282 3092 sunt.
