2101 3348
807 186 848 222 31
881 187 1084 233 JANUARH
1116 184 1206 230 1568
1708 189 1775 226 557

177 303 224 340 et
266 292 478 345 Francia,
505 292 625 335 della
663 289 951 346 Compagnia
988 287 1033 331 di
1071 287 1230 339 Giesii,
1256 294 1302 329 et
1339 285 1385 328 in
1418 299 1502 328 sua
1540 283 1748 328 absentia
1786 283 1826 324 al

184 376 232 417 Ρ.
262 373 522 415 Francesco
540 370 734 412 Costero
756 365 1041 425 [prouincial]
1064 365 1108 408 di
1127 366 1251 408 detta
1268 362 1552 420 Compagnia
1575 362 1693 406 nella
1709 360 1826 403 infe—

182 449 272 492 rior
296 446 561 492 Germania.
586 447 637 488 In
660 446 889 498 Anuersa,
916 457 942 486 o
965 444 1085 485 doue
1109 442 1224 486 sara.
1252 442 1410 499 Sigilli·
1438 441 1700 497 vestigium.

1030 550 1067 587 Β

645 616 685 651 S.
722 550 1056 651 FRANCIS{‹dS
1086 615 1156 650 DE
1189 613 1359 660 BORJA

509 684 721 727 PATRI
765 681 1193 724 HIERONYMO
1247 680 1489 723 NADAL

691 761 852 798 ROMAE,
879 751 920 786 31
950 760 1143 794 JANUARH
1172 750 1262 795 1568
1292 753 1317 785 1.

181 833 219 858 Ι.
244 823 331 857 ΡΡ.
352 822 535 856 Didacus
553 820 600 855 de
625 820 770 854 Acosta
795 821 831 853 et
848 818 1032 864 Joannes
1048 816 1197 862 savier
1221 817 1503 862 Antverpz'aon,
1530 814 1724 850 Acchilles
1746 813 1825 849 Ga-

222 881 385 930 gliardi
409 880 638 915 Taurinum
671 879 911 913 mittuntur.
935 898 977 901 -—
993 886 1028 912 2.
1055 875 1200 911 Natali
1228 875 1306 910 iter
1336 874 1499 910 Galliae
1519 874 1828 921 procrastinare

226 942 526 984 suadetur.—-3.
554 939 755 974 Henricns
780 937 999 982 Dionysius
1023 948 1048 970 a
1079 935 1288 970 cardinali
1313 935 1549 969 warmiensi
1569 934 1820 980 postulatur.

216 1011 323 1045 =—4.
353 1001 414 1036 De
434 999 603 1047 collegio
616 1001 849 1045 pauperum
869 995 1156 1031 vindobonensi
1173 995 1376 1041 augendo.

281 1081 317 1111 1.
377 1069 509 1124 Jhus.
536 1065 678 1108 Molto
701 1064 815 1106 Rdo.
842 1062 887 1104 in
910 1063 1029 1117 Xpo.
1059 1061 1220 1104 Padre.
1248 1061 1344 1102 Pax
1367 1060 1472 1116 Xpi.
1499 1068 1586 1102 etc.
1614 1061 1717 1103 Alle
1740 1061 1826 1104 let-

176 1153 285 1194 ,tere
313 1144 358 1187 di
389 1145 444 1187 V.
469 1144 523 1185 R.
550 1141 587 1184 si
617 1139 880 1196 rispondera
909 1138 986 1194 pisi
1013 1137 1410 1193 particolarmente
1439 1138 1517 1179 un’
1543 1138 1654 1179 altra
1684 1138 1826 1180 uolta.

187 1224 365 1278 Questa
388 1220 488 1263 sara
511 1233 591 1275 per
608 1219 689 1260 dar
712 1216 839 1259 auiso
863 1230 993 1260 come
1011 1214 1126 1260 hieri
1144 1215 1259 1270 parti
1277 1214 1322 1257 di
1340 1216 1482 1257 Roma
1500 1214 1529 1256 il
1554 1217 1604 1257 Ρ.
1623 1215 1794 1258 Xauier
1813 1216 1827 1235 ²

185 1299 371 1342 insieme
394 1297 464 1340 col
488 1298 541 1339 Ρ.
569 1294 762 1338 Acchile
781 1295 795 1315 ⁵
820 1294 862 1336 la
886 1294 1009 1336 uolta
1031 1292 1076 1335 di
1099 1291 1288 1344 Turino,
1308 1291 1453 1345 accio,
1474 1293 1688 1336 restando
1705 1293 1831 1335 detto

186 1378 238 1420 P.
267 1374 460 1419 Acchile
482 1374 532 1425 1‘1,
559 1387 607 1416 se
642 1387 699 1415 ne
733 1378 861 1427 parta
894 1370 924 1412 il
957 1372 1010 1413 P.
1037 1369 1187 1426 Diego
1220 1370 1276 1412 de
1298 1370 1473 1413 Acosta
1492 1370 1524 1421 4,
1550 1369 1739 1413 insieme
1761 1371 1831 1412 col

185 1454 394 1511 predetto
419 1453 472 1494 Ρ.
495 1449 683 1501 Xauier,
705 1449 747 1491 la
767 1449 889 1491 uolta
908 1447 952 1490 di
970 1448 1198 1490 Anuersa.
1221 1448 1278 1489 Et
1302 1454 1600 1502 quantunque
1624 1446 1669 1488 in
1687 1448 1831 1489 Roma

186 1531 227 1573 ci
248 1529 493 1573 habbiamo
516 1527 783 1570 scomodato
807 1526 863 1568 de
887 1540 949 1567 un
972 1525 1200 1580 professor
1230 1524 1276 1566 di
1305 1524 1550 1580 theologia,
1582 1531 1626 1567 et
1655 1523 1700 1566 in
1735 1525 1829 1566 Tu-

186 1608 285 1650 rino
308 1608 365 1651 de
386 1621 450 1648 un
472 1612 615 1648 rettor
638 1611 683 1648 et
705 1602 893 1646 insieme
916 1601 1189 1657 predicator,
1216 1616 1310 1644 non
1340 1602 1401 1644 ho
1431 1602 1591 1644 uoluto
1622 1615 1831 1645 mancare

188 1686 234 1729 di
257 1684 478 1728 sodisfare
502 1683 587 1725 alla
610 1681 794 1724 natione
818 1680 1053 1736 spagnola,
1081 1680 1138 1722 ne
1161 1680 1251 1721 alla
1274 1679 1489 1721 instantia
1507 1680 1593 1721 che
1612 1680 1668 1722 V.
1692 1680 1745 1721 R.
1768 1679 1827 1731 fa,

190 1762 413 1819 sperando
435 1760 536 1803 sara
560 1758 685 1802 Iddio
708 1751 765 1801 N.
788 1759 836 1801 S.
862 1756 1034 1801 seruito
1057 1756 1102 1798 di
1125 1757 1236 1799 loro.
1259 1758 1301 1799 A
1320 1757 1506 1812 Spagna
1523 1758 1558 1798 s’
1580 1770 1657 1798 era
1675 1756 1831 1799 scritto

189 1838 480 1883 mandassino
505 1852 566 1879 un
591 1835 848 1891 predicator
871 1848 956 1877 con
977 1848 1036 1876 un
1060 1848 1336 1890 compagn03
1363 1848 1435 1875 ma
1458 1847 1548 1875 non
1571 1834 1772 1889 sapendo
1788 1832 1834 1875 di

192 1924 318 1962 certo
342 1931 391 1960 se
413 1915 699 1957 uerrebbono
723 1928 746 1955 a
770 1919 936 1967 tempo,
963 1911 1023 1953 mi
1046 1912 1107 1953 ho
1130 1911 1318 1953 risoluto
1340 1911 1385 1952 di
1413 1912 1602 1953 mandar
1632 1910 1661 1952 li
1690 1910 1763 1953 doi
1786 1912 1830 1953 d’

191 1994 334 2046 Italia,
360 1992 534 2036 benche
559 1989 761 2047 soggetti
785 1990 923 2031 molto
955 1988 1051 2030 utili
1081 1988 1125 2030 in
1157 1989 1307 2043 quella
1335 2003 1415 2043 per
1443 1987 1472 2029 li
1501 1988 1734 2043 ministerij
1761 1989 1834 2032 del

189 2079 346 2114 nostro
369 2069 592 2112 instituto.
621 2068 771 2110 Credo
795 2067 944 2109 anche
967 2072 1188 2121 potranno
1220 2064 1392 2109 seruire
1425 2065 1511 2108 alla
1541 2065 1723 2108 natione
1745 2065 1834 2107 ita-

191 2148 330 2200 liana,
357 2162 438 2203 per
459 2148 601 2189 hauer
623 2145 665 2187 la
690 2144 847 2199 lingua
869 2144 982 2185 loro.

283 2237 324 2268 2.
390 2226 437 2266 Io
459 2237 571 2266 sono
594 2222 638 2264 di
661 2236 792 2277 parer
808 2222 892 2263 che
916 2221 973 2263 V.
995 2221 1048 2263 R.
1072 2219 1101 2262 li
1120 2219 1300 2276 aspetti,
1322 2227 1367 2262 et
1384 2234 1476 2262 non
1496 2220 1612 2262 uada
1630 2219 1675 2261 in
1693 2221 1837 2263 Fran-

194 2303 279 2355 cia,
305 2301 453 2345 insino
477 2315 502 2343 3
525 2307 650 2343 tanto
679 2300 766 2343 che
795 2297 916 2354 passi
943 2305 1107 2352 questo
1138 2294 1290 2353 tempo
1318 2312 1435 2353 poco
1469 2304 1725 2353 opportuno
1756 2311 1836 2353 per

195 2379 438 2432 caminate,
465 2385 509 2422 et
531 2378 659 2432 potra
683 2378 762 2419 dar
784 2377 906 2419 lume
929 2375 1002 2418 alli
1024 2375 1098 2418 doi
1121 2377 1205 2417 che
1230 2389 1400 2427 uanno,
1421 2374 1467 2416 in
1489 2376 1627 2418 molte
1645 2389 1767 2427 cose,
1789 2382 1834 2417 et

194 2455 456 2500 lasciandoli
479 2453 697 2505 instrutti,
723 2467 771 2496 se
794 2466 852 2495 ne
874 2452 1001 2509 potra
1025 2452 1164 2508 partir
1186 2466 1273 2494 con
1295 2452 1337 2495 13
1360 2452 1505 2508 gratia
1529 2452 1600 2494 del
1624 2451 1791 2508 Signor
1810 2467 1835 2494 3

194 2534 403 2587 Francia,
429 2548 477 2576 se
501 2532 667 2575 uedera
690 2532 731 2573 le
754 2531 907 2574 strade
929 2544 1052 2573 esser
1075 2529 1243 2573 sicure.

265 2653 272 2672 ¹
325 2653 383 2687 Ex
402 2652 629 2697 archetypo,
657 2662 678 2684 a
702 2648 930 2684 Fernandez
949 2654 1123 2693 exarato,
1143 2654 1183 2683 et
1207 2648 1373 2694 Borgiae
1399 2660 1515 2683 manu
1541 2649 1776 2695 subscripto,
1796 2648 1834 2683 in

194 2712 288 2748 Cod.
313 2722 372 2756 34,
392 2710 538 2757 duplici
555 2710 639 2755 fol„
659 2709 726 2743 226
746 2708 835 2752 (33).
857 2708 1036 2744 Alterum
1053 2708 1167 2754 hujus
1184 2708 1373 2754 epistolae
1389 2710 1611 2755 exemplum
1629 2714 1689 2743 est
1705 2708 1742 2743 in
1759 2709 1835 2743 Re-

191 2777 320 2817 gestO,
342 2770 442 2805 Cod.
467 2779 511 2815 33
526 2769 591 2816 g),
611 2768 677 2803 fol.
702 2768 783 2803 106.

266 2833 279 2851 '2
329 2829 430 2864 Vide
449 2828 632 2875 epistolas
653 2836 739 2873 500,
760 2834 828 2871 505
849 2831 888 2862 et
907 2827 992 2871 506.

268 2891 281 2909 ⁵
333 2887 507 2924 Achilles
527 2886 744 2931 Gagliardi.
764 2886 826 2922 Cf.
848 2886 1114 2929 SAccfflNUM,
1132 2885 1206 2921 loc.
1224 2886 1308 2930 eit.,
1325 2886 1392 2921 lib.
1411 2887 1479 2928 IV,
1501 2899 1537 2921 n.
1560 2895 1638 2930 1743
1656 2892 1694 2920 et
1712 2886 1777 2919 lib.
1797 2885 1831 2918 V

231 2975 238 2983 .
286 2957 319 2983 2.

199 2961 224 2992 n
259 2957 288 3029 7⁴
338 3006 438 3042 Vide
456 3006 570 3053 epist.
592 3013 676 3052 500,
695 3017 733 3040 n.
760 3015 790 3041 1.
