2101 3348
845 217 868 252 4
894 207 994 250 MAJ1
1024 207 1113 252 1566
1679 215 1741 243 101

157 308 358 361 dentino;
383 305 549 364 perche
571 316 641 352 sta
665 309 782 353 bene
806 309 891 352 che
908 308 1176 353 consentino
1193 308 1239 351 in
1257 310 1413 354 hauer’
1433 323 1543 365 pace
1560 323 1645 352 con
1664 308 1693 351 li
1712 310 1793 352 he-

157 384 283 429 retici
305 384 334 427 li
357 384 585 438 catholici,
611 392 657 428 et
680 393 832 430 tamen
855 385 1039 428 credino
1059 390 1176 429 tutto
1194 387 1344 441 quello
1360 388 1445 430 che
1462 386 1503 429 ci
1521 388 1545 429 e
1562 387 1619 430 de
1637 386 1791 442 dogmi

159 463 232 507 nel
253 461 475 505 concilio:
508 464 533 505 e
562 463 666 506 ben’
699 477 809 506 uero
841 464 941 515 che,
967 462 1296 506 considerando
1334 463 1515 506 alchuni
1547 463 1708 519 luoghi
1745 471 1790 507 et

159 546 276 582 tutto
299 538 328 580 il
351 553 545 592 recesso,
572 539 826 595 puotrebbe
849 539 1044 581 alchuno
1066 539 1256 594 pigliare
1279 541 1469 595 qualche
1491 540 1740 596 suspitione
1761 555 1788 584 o

157 615 496 672 presumptione
514 617 599 659 che
616 615 653 657 si
670 615 843 659 facesse
862 616 1029 657 alchun
1052 615 1302 670 preiudicio
1326 617 1368 659 al
1385 617 1590 669 concilio,
1617 624 1786 672 quanto

154 692 228 735 alli
249 692 423 748 dogmi:
449 707 538 746 ma,
563 692 755 736 facendo
777 691 808 734 li
831 691 1040 734 catholici
1064 692 1256 735 alchuna
1279 693 1577 737 accettatione
1606 694 1786 750 publica

151 777 198 814 et
224 768 424 825 legitima
447 768 492 811 di
522 769 688 824 quello,
721 768 758 812 si
786 769 1040 825 puotrebbe
1068 769 1221 812 leuare
1250 777 1409 824 questa
1431 770 1695 826 suspitione.
1729 772 1784 814 Et

151 847 336 889 tandem
353 846 393 888 ci
423 848 447 889 e
476 861 625 902 parso,
651 847 749 889 hor'
776 845 952 888 saccino
984 852 1144 901 questa
1174 846 1473 890 accettatione
1496 846 1525 888 li
1555 847 1780 901 catholici,

149 925 245 966 hor’
270 938 381 976 non,
409 925 493 968 che
516 938 609 966 non
633 922 669 966 si
693 922 836 966 faccia
868 923 910 965 la
938 922 1263 978 protestatione
1292 923 1439 965 insino
1462 938 1487 966 a
1517 931 1664 976 tanto,
1700 926 1782 968 che

149 1015 229 1044 sua
246 1001 415 1063 santita
436 1001 502 1044 sia
524 1000 765 1053 aduertita,
792 1007 837 1045 et
859 1000 897 1042 si
921 1001 1089 1043 risolua
1110 1001 1154 1042 d'
1181 1000 1290 1056 ogni
1312 1015 1434 1043 cosa.

238 1079 325 1121 Per
348 1077 690 1121 confirmatione
711 1077 756 1120 di
779 1084 956 1133 questo,
982 1092 1089 1133 pare
1106 1078 1191 1120 che
1209 1078 1327 1121 nelle
1344 1077 1592 1120 conditioni
1615 1078 1688 1121 del
1711 1092 1782 1121 re—

149 1168 276 1198 cesso
298 1156 369 1198 del
394 1166 446 1210 55
466 1158 550 1198 che
571 1158 607 1199 s’
632 1157 690 1198 ha
713 1155 770 1198 da
786 1155 1070 1207 confirmare,
1092 1169 1183 1197 non
1200 1154 1238 1197 si
1255 1155 1453 1198 concede
1472 1169 1578 1197 cosa
1597 1155 1782 1198 nissuna

150 1234 233 1276 che
255 1232 319 1275 sia
337 1232 633 1277 concessione
649 1232 694 1274 di
717 1233 883 1288 dogma
900 1232 1096 1275 alchuno
1112 1231 1329 1284 heretico3
1351 1226 1516 1287 perche
1534 1233 1782 1276 solamente

149 1323 228 1365 per
248 1324 359 1365 pura
381 1310 619 1362 necessita,
646 1309 771 1353 accio
788 1324 1137 1353 conseruassero
1154 1309 1184 1351 li
1202 1309 1411 1352 catholici
1429 1310 1576 1364 quelle
1594 1309 1782 1364 reliquie

146 1388 230 1430 che
252 1394 430 1431 restano
453 1386 557 1430 delli
577 1387 699 1440 stati,
725 1386 930 1442 dominij,
958 1386 1124 1440 chiese,
1146 1386 1251 1430 beni
1269 1394 1314 1430 et
1332 1401 1523 1442 persone
1542 1387 1659 1430 della
1676 1387 1779 1429 reli—

144 1464 251 1521 gion
273 1465 494 1508 catholica
515 1464 561 1507 in
583 1464 844 1517 Germania,
870 1465 967 1507 solo
990 1470 1275 1519 promettono
1298 1463 1341 1506 di
1367 1478 1458 1506 non
1481 1464 1716 1520 esseguire
1738 1465 1779 1506 la

143 1541 374 1596 punitione
402 1542 457 1584 de
487 1541 776 1597 protestanti,
811 1541 841 1583 il
872 1542 956 1585 che
985 1541 1031 1583 in
1060 1540 1220 1584 nissun
1242 1541 1377 1583 modo
1408 1555 1562 1596 puono
1592 1542 1709 1594 fare,
1735 1541 1779 1583 di

144 1625 262 1662 sorte
283 1621 367 1662 che
389 1619 507 1661 m'lztt
528 1619 656 1661 aliud
678 1634 816 1675 quam
838 1619 1123 1674 suspendunt
1146 1618 1439 1660 authoritatis
1458 1619 1780 1660 ecclesiasticae

145 1699 185 1737 et
211 1696 389 1752 braclzij
417 1697 637 1738 secularis
667 1697 893 1738 aduersus
923 1696 1170 1738 haereticos
1198 1696 1553 1750 exequutionem,
1577 1696 1619 1738 la
1647 1695 1779 1751 quale

144 1772 202 1815 da
223 1774 272 1816 se
293 1774 317 1816 e
340 1787 550 1829 suspessa
572 1787 650 1829 per
671 1773 702 1814 l’
726 1772 1006 1828 impotentia.

234 1851 362 1893 Oltre
390 1850 434 1892 di
463 1858 639 1905 questo,
671 1853 706 1893 s'
738 1852 796 1893 ha
825 1851 882 1894 da
911 1850 1199 1892 considerare
1231 1852 1303 1892 ch'
1334 1849 1381 1891 in
1408 1856 1570 1904 questo
1599 1863 1777 1893 recesso

143 1927 253 1983 ogni
275 1928 396 1970 uolta
424 1929 507 1971 che
537 1927 573 1970 si
601 1927 722 1981 dice,
756 1942 848 1970 non
876 1928 997 1969 debet
1021 1927 1099 1969 lzoc
1114 1927 1245 1982 fieri,
1270 1941 1359 1969 non
1386 1927 1507 1969 uuol'
1534 1926 1617 1968 dir’
1644 1927 1774 1978 altro,

143 2005 340 2047 secondo
371 2006 412 2047 la
441 2007 604 2060 phrase
633 2006 869 2057 thedesca,
896 2020 944 2047 se
978 2020 1071 2047 non
1109 2006 1194 2047 che
1222 2019 1313 2047 non
1348 2004 1384 2046 si
1419 2002 1532 2046 sacia
1561 2011 1722 2058 questo
1751 2018 1777 2046 o

142 2083 304 2137 quello.
332 2084 388 2125 Et
410 2083 518 2134 cosi,
544 2083 727 2137 quando
750 2082 787 2125 si
809 2082 908 2124 dice
931 2097 1022 2124 non
1040 2082 1197 2137 possit,
1221 2096 1312 2124 non
1335 2081 1373 2124 si
1394 2095 1515 2137 nega
1537 2081 1578 2124 la
1601 2077 1777 2136 potesta

142 2159 341 2215 legitima
363 2167 407 2204 et
430 2159 671 2212 ordinaria,
697 2174 745 2204 se
768 2174 860 2202 non
884 2160 926 2202 la
945 2158 1240 2214 essequution
1257 2159 1302 2201 di
1326 2158 1490 2213 quella,
1512 2158 1712 2202 secondo
1736 2158 1777 2200 la

143 2237 303 2291 phrase
323 2237 557 2289 thedesca,
584 2244 628 2280 et
661 2244 822 2291 questo
851 2237 889 2279 si
923 2238 1036 2280 uede
1064 2251 1145 2292 per
1173 2237 1215 2279 la
1246 2250 1362 2291 pena
1386 2237 1470 2277 che
1500 2235 1540 2277 ci
1570 2235 1607 2277 si
1636 2241 1776 2278 mette

144 2314 247 2357 nell'
271 2313 458 2356 articolo
484 2313 567 2368 3.⁰,
593 2313 662 2368 4⁰
686 2322 731 2356 et
761 2313 855 2357 11.⁰

232 2391 359 2444 Item,
380 2392 422 2434 la
444 2391 676 2447 principal’
697 2391 946 2435 intentione
969 2391 1074 2435 delli
1092 2390 1305 2434 catholici
1322 2390 1369 2432 in
1392 2397 1552 2446 questo
1577 2404 1770 2441 recesso,

144 2481 233 2510 non
255 2469 280 2511 e
302 2468 388 2511 mai
412 2476 544 2521 stata,
570 2471 626 2512 ne
648 2470 841 2512 mancho
864 2470 888 2512 ὲ
911 2469 1087 2521 adesso,
1113 2468 1158 2510 di
1182 2470 1355 2511 trattar’
1382 2468 1438 2511 de
1461 2466 1696 2522 religione,
1718 2467 1773 2509 ne

143 2544 187 2586 di
209 2545 463 2590 consentire
484 2546 631 2601 questi
654 2547 772 2590 nella
794 2546 983 2602 religion
1003 2547 1060 2588 de
1083 2545 1235 2601 quelli3
1257 2560 1330 2587 ma
1346 2546 1389 2587 la
1407 2543 1646 2587 chiamano
1663 2558 1772 2599 pace

142 2621 187 2663 di
209 2622 451 2678 religione,
481 2623 552 2666 cio
573 2625 620 2676 e,
646 2624 688 2666 la
716 2638 827 2679 pace
849 2624 906 2666 de
929 2623 1065 2679 quelli
1088 2625 1172 2666 che
1200 2637 1312 2666 sono
1341 2623 1398 2666 de
1427 2623 1515 2664 due
1544 2620 1768 2677 religioni,

140 2706 306 2754 quanto
323 2700 406 2742 alle
424 2715 615 2756 persone
633 2708 677 2744 et
695 2701 816 2752 beni,
838 2709 882 2743 et
907 2708 1077 2755 quanto
1100 2701 1142 2742 al
1165 2699 1320 2743 viuere
1343 2698 1497 2754 quieto
1521 2705 1566 2740 et
1584 2697 1772 2753 pacifico

141 2776 256 2817 nella
271 2775 423 2831 politia
445 2776 684 2830 exteriore3
708 2779 764 2821 ne
782 2793 862 2833 per
879 2784 1039 2832 questo
1057 2777 1087 2819 li
1103 2776 1314 2820 catholici
1331 2789 1532 2832 pensano
1549 2775 1593 2816 d'
1613 2775 1768 2816 hauer’

139 2852 303 2895 ceduto
325 2854 380 2894 ad
403 2854 582 2897 alchun'
609 2854 798 2897 articolo
821 2861 865 2897 et
888 2855 1054 2910 dogma
1077 2854 1194 2898 della
1218 2854 1334 2897 fede.

228 2930 360 2972 Doue
383 2929 419 2972 si
441 2931 564 2985 parla
585 2931 702 2974 della
723 2931 1031 2974 iurisdictione
1054 2930 1360 2975 ecclesiastica
1382 2936 1427 2972 et
1449 2928 1582 2971 ciuile
1605 2929 1690 2969 che
1708 2926 1772 2968 sia

143 3018 372 3061 suspessa,
403 3021 494 3049 non
523 3008 560 3050 s’
584 3007 769 3051 intende
798 3010 882 3052 che
911 3022 990 3064 per
1028 3015 1189 3063 questo
1211 3007 1241 3049 li
1263 3005 1489 3057 catholici,
1516 3005 1591 3046 ubi
1612 3003 1773 3045 habent
