2101 3348
385 222 455 256 800
960 218 1098 252 EP1sT.
1128 217 1170 252 P.
1200 216 1350 252 NADAL

426 321 671 376 Inscriptio
709 321 758 362 in
795 323 961 376 quarta
989 320 1188 375 pagina:
1210 319 1324 361 Rdo.
1362 317 1489 360 Patri
1519 319 1639 361 Dno.
1675 314 1843 373 Joanni
1875 316 1967 358 Po—

335 384 465 425 Ianco
487 414 496 432 ‚
537 393 692 422 sacrae
725 379 983 435 theologiae
1029 377 1232 428 doctori,
1273 376 1513 421 Societatis
1551 378 1694 434 Jhesu
1739 374 1965 418 cancella—

334 441 417 493 rio,
443 446 552 492 etc.,
578 438 709 481 nobis
730 438 777 481 in
799 438 982 482 Christo
1004 436 1268 480 charissimo
1291 443 1336 480 et
1358 436 1644 479 honorando.
1675 435 1785 476 Alia
1805 447 1965 476 manu:

334 516 379 557 p.
406 515 446 544 e.
471 514 532 541 m.
565 499 686 540 Alia:
712 498 765 540 C.
808 498 934 552 1567.
977 497 1272 552 Heilspergh.
1315 495 1544 539 Cardinal.
1585 493 1875 538 varmiensis.
1910 504 1962 546 13

335 559 379 602 di
405 559 513 613 73)ΓΕ
544 558 702 614 Sigillz·
723 558 984 614 vestigium.

1089 669 1211 712 LVII

767 750 770 753 ’
821 759 867 793 P.
899 757 1238 794 LAURENTIUS
1270 755 1475 792 MAGHJS

617 850 874 881 SANCTO
922 848 1304 879 FRANCISCO
1352 848 1430 878 DE
1478 847 1688 886 BORJA

758 926 1072 977 Vindobonae,
1100 938 1115 968 Ι
1139 923 1356 968 Octobris
1380 923 1490 978 1567
1514 925 1543 968 ¹.

821 1014 882 1049 De
901 1013 1041 1049 ordine
1056 1014 1197 1048 domus
1211 1012 1476 1059 probationis.

497 1093 629 1137 Nella
650 1107 755 1135 casa
777 1098 932 1135 nostra
953 1091 997 1134 di
1019 1090 1287 1147 probatione
1309 1090 1347 1132 si
1374 1089 1534 1146 siegue
1557 1089 1662 1143 quel
1695 1087 1854 1131 ordine
1875 1087 1964 1129 che

331 1153 377 1195 di
399 1153 513 1195 costi
537 1153 559 1195 ὲ
583 1153 812 1203 mandato,
838 1158 883 1194 et
905 1153 990 1194 che
1011 1152 1042 1192 I'
1068 1165 1187 1193 anno
1216 1156 1397 1205 passato
1424 1148 1614 1193 reuidde
1641 1148 1672 1190 11
1702 1149 1755 1192 Ρ.
1780 1146 1959 1190 Natale.

330 1213 364 1254 II
386 1213 440 1257 P.
460 1211 701 1255 Francisco
725 1211 929 1254 Antonio
953 1210 1072 1253 tiene
1096 1212 1172 1252 un'
1198 1210 1311 1252 altro
1334 1208 1450 1252 assai
1472 1207 1548 1264 pisi
1570 1209 1727 1259 breue,
1748 1213 1792 1251 et
1815 1206 1961 1248 anche

329 1271 528 1325 diuerso,
554 1279 599 1314 et
621 1271 723 1313 dice
746 1272 832 1313 che
855 1270 891 1312 si
914 1285 1047 1312 serua
1069 1269 1201 1313 costi.
1227 1268 1387 1312 Vorrei
1410 1282 1567 1323 sapere
1589 1267 1693 1322 qual
1724 1265 1849 1321 piace
1875 1265 1961 1307 alla

328 1332 382 1376 P.
408 1333 466 1375 V.
492 1332 579 1374 che
602 1330 887 1387 segnitiamQ
908 1336 953 1372 et
977 1330 1065 1372 che
1088 1328 1128 1371 ci
1146 1330 1264 1371 fosse
1287 1328 1500 1370 mandato
1523 1341 1631 1369 cosa
1654 1333 1779 1370 certa
1801 1331 1845 1369 et
1868 1326 1961 1367 fer-

327 1406 418 1435 ma.
443 1392 493 1433 In
516 1389 770 1433 substantia
792 1390 834 1433 16
867 1403 972 1432 cose
994 1389 1055 1430 mi
1077 1389 1238 1443 paiono
1261 1388 1303 1431 16
1325 1386 1584 1438 medesime,
1611 1400 1684 1428 ma
1706 1385 1736 1426 11
1759 1384 1894 1426 modo
1916 1390 1962 1425 et

326 1451 369 1493 la
391 1451 604 1494 methodo
627 1464 739 1492 sono
762 1448 946 1492 diuersi.
973 1449 1006 1490 Il
1030 1447 1276 1491 medesimo
1300 1447 1401 1489 dico
1423 1447 1526 1490 delI'
1551 1459 1726 1488 essame
1749 1446 1833 1487 che
1855 1442 1893 1486 si
1918 1443 1962 1484 fa

322 1513 424 1565 post
446 1510 728 1566 ingressum,
751 1509 801 1550 in
817 1509 977 1563 prima
993 1508 1269 1563 probatione,
1293 1507 1473 1549 benche
1502 1505 1533 1548 il
1555 1506 1688 1547 modo
1711 1504 1783 1547 del
1805 1509 1963 1545 nostro

328 1583 519 1621 essame,
546 1568 752 1611 ordinato
775 1569 847 1610 dal
866 1568 919 1611 P.
945 1567 1121 1619 Natale‚
1144 1566 1205 1608 mi
1228 1566 1357 1622 piaCe
1379 1564 1513 1609 assai.

1076 1680 1217 1722 LVIII

787 1769 816 1803 Ρ
827 1795 835 1803 .
868 1766 1200 1803 FRANCISCUS
1228 1765 1501 1803 COSTERUS

708 1860 915 1890 SANCTO
948 1858 1265 1889 FRANCISCO
1299 1859 1367 1888 DE
1407 1857 1583 1896 BORJA

624 1935 779 1979 Sancti
818 1935 1084 1987 Audomari,
1128 1947 1177 1989 31
1222 1933 1437 1978 Octobris
1480 1934 1589 1987 1567
1628 1933 1661 1976 ².

488 2024 649 2059 Natalis
663 2027 777 2071 gesta
797 2024 1059 2069 Antverpiae,
1080 2023 1301 2068 Bruxellis,
1331 2021 1537 2068 Gandavi,
1570 2020 1742 2055 Tornaci
1760 2022 1795 2055 ei

924 2084 1082 2118 ..Sancti
1102 2083 1343 2118 Audomari.

498 2161 685 2204 Fuimus
708 2161 838 2203 initio
866 2161 1002 2203 huius
1030 2160 1198 2202 mensis
1228 2158 1533 2215 Antuerpiae,
1559 2165 1608 2199 vt
1638 2159 1690 2201 Ρ.
1727 2158 1781 2201 Τ.
1812 2171 1959 2212 nuper

324 2220 598 2276 significaui.
624 2220 814 2275 Scripsit
843 2220 948 2264 inde
966 2222 1021 2264 R.
1053 2221 1106 2264 P.
1137 2219 1313 2263 Natalis
1346 2220 1402 2262 de
1423 2217 1638 2260 instantia
1665 2216 1955 2271 hispanorum

324 2294 404 2335 pro
428 2280 605 2321 duobus
628 2280 840 2322 Patribus
862 2294 970 2322 suae
994 2279 1201 2330 nationis,
1235 2278 1399 2333 quibus
1424 2277 1564 2320 literis
1594 2291 1696 2319 cum
1721 2290 1809 2331 ego
1832 2290 1957 2319 meas

324 2338 620 2390 adiunxerim,
642 2354 731 2381 non
756 2346 824 2383 est
847 2340 968 2393 quod
986 2340 1146 2381 addam
1170 2337 1307 2389 aliud,
1335 2352 1469 2392 quam
1491 2345 1540 2379 Vt
1564 2337 1616 2380 P.
1638 2337 1696 2379 V.
1723 2349 1879 2390 rogem
1898 2349 1954 2378 ne

324 2397 520 2453 patiatur
548 2399 693 2440 bonos
721 2398 819 2440 illos
847 2406 892 2440 et
922 2398 1128 2442 liberales
1156 2397 1362 2440 dominos
1391 2412 1472 2439 sua
1501 2404 1592 2438 tam
1630 2394 1845 2436 diuturna
1874 2409 1954 2437 ex-

325 2457 581 2513 pectatione
606 2457 867 2501 frustrari...

409 2515 665 2571 Antuerpia
688 2518 917 2571 protectus
940 2524 1008 2560 est
1046 2517 1099 2560 P.
1139 2515 1313 2558 Natalis
1352 2513 1619 2570 Bruxella[s]
1655 2525 1701 2555 11
1732 2511 1884 2565 huius,
1911 2519 1955 2554 et

321 2590 409 2631 ego
432 2589 535 2617 cum
555 2575 668 2631 ipso,
695 2575 920 2619 Salutauit
942 2575 1030 2617 11116
1048 2576 1210 2618 ducem
1241 2576 1452 2616 aibanum
1483 2574 1515 2625 ³,
1541 2588 1566 2615 a
1596 2587 1686 2627 quo
1717 2571 1953 2614 humanis-

321 2634 433 2677 sime
462 2642 506 2678 et
535 2649 670 2690 supra
703 2649 883 2676 omnem
915 2634 1274 2689 expectationem
1308 2641 1376 2677 est
1414 2640 1668 2687 susceptus,
1701 2630 1851 2672 iussus
1880 2645 1953 2674 se—

320 2694 444 2746 dere,
471 2701 609 2749 caput
632 2693 822 2750 operire,
843 2701 949 2744 616,
976 2708 1123 2747 neque
1143 2693 1266 2748 prius
1290 2694 1362 2734 veI
1380 2693 1537 2735 sedere
1554 2691 1626 2734 vel
1644 2697 1781 2746 caput
1800 2697 1954 2745 tegere

394 2823 403 2843 ¹
458 2824 515 2858 Ex
534 2824 788 2869 autograplio‚
810 2823 849 2858 in
872 2821 971 2857 Cod.
995 2832 1046 2866 29
1061 2825 1121 2868 g),
1140 2832 1186 2866 44
1205 2823 1319 2866 (227).

390 2887 404 2905 ²¹·
455 2884 513 2918 Ex
545 2885 796 2930 autographo,
830 2883 868 2918 in
902 2882 1000 2917 Cod.
1037 2892 1087 2926 29
1113 2882 1177 2929 g),
1208 2881 1276 2926 345
1312 2881 1428 2927 (169).
1466 2880 1566 2915 Vide
1596 2881 1714 2927 epist.
1755 2880 1836 2925 4893
1869 2889 1953 2924 494;

320 2947 360 2976 et
429 2943 469 2978 8.

381 2952 427 3021 {9
454 3001 721 3036 Ferdinandus
741 3002 908 3036 Alvarez
925 3000 974 3035 de
993 2999 1158 3035 Toledo.
1184 2998 1284 3034 Vide
1304 2998 1421 3044 epist.
1447 3007 1531 3044 497,
1551 3011 1592 3033 n.
1617 3009 1657 3043 9.
