2101 3348
787 236 829 273 15
856 229 1025 265 APRILIS
1055 238 1144 275 1577
1662 235 1729 273 741

904 384 1023 423 ‹31ss

558 466 601 501 Ρ.
630 466 949 503 EVERARDUS
977 467 1359 504 MERCURIANUS

474 544 682 586 PATRI
716 545 1156 588 4ΗΙΕΙίΟΝΥΜΟ
1206 546 1450 589 NADAL

664 641 822 674 ROMAE,
854 641 895 677 15
922 641 1082 668 APRlLis
1112 641 1200 678 1577
1230 636 1257 668 ¹.

319 708 455 743 Libros
473 721 498 743 a
517 709 661 744 Natali
678 713 872 757 coemptos
888 711 932 746 in
950 710 1118 746 Italiam
1137 723 1216 746 non
1232 715 1343 758 posse
1362 712 1600 747 transmitti.

230 786 521 830 Riceuemmo
545 802 634 829 vna
655 787 699 829 di
723 789 779 831 V.
808 790 861 831 R.
888 787 933 830 di
957 789 1011 831 28
1035 789 1108 832 del
1130 789 1346 832 Gennaro
1365 797 1560 845 passato,
1582 791 1624 833 la
1642 791 1775 845 quale

133 863 361 906 sancorche
392 878 484 906 non
520 871 776 908 conteneua
814 864 943 919 quasi
972 865 1086 908 altro
1117 868 1188 907 ch’
1221 881 1309 908 vna
1339 866 1700 922 ricapitulatione
1728 867 1772 910 di

138 941 275 983 molte
297 942 409 984 altre
431 956 528 993 sue,
554 941 611 983 da
633 941 709 984 noi
738 941 921 984 innanzi
944 942 1132 994 riceute‚
1159 943 1435 986 nondimeno
1458 944 1499 986 ci
1528 945 1575 986 fu
1605 945 1771 1000 gratis-

139 1018 266 1070 sima,
290 1032 419 1062 come
442 1024 557 1062 tutte
579 1019 608 1059 l'
635 1019 747 1060 altre
768 1019 855 1061 che
878 1020 935 1062 da
958 1018 1015 1061 lei
1039 1019 1081 1061 ci
1103 1034 1332 1075 vengono.
1355 1021 1412 1062 Et
1434 1022 1600 1076 perche
1622 1036 1647 1063 a
1666 1022 1770 1064 tutti

136 1096 198 1151 gl’
224 1094 325 1137 altri
348 1095 478 1150 punti
501 1097 560 1138 ho
584 1095 659 1152 gia
680 1095 874 1151 risposto
897 1110 976 1151 per
1006 1096 1134 1148 altre,
1168 1096 1245 1151 qui
1275 1098 1369 1140 solo
1397 1098 1494 1140 diro
1525 1099 1615 1142 due
1642 1113 1764 1142 cose:

136 1170 164 1213 l’
187 1187 294 1225 vna,
320 1173 406 1215 che
429 1172 469 1215 ci
492 1172 776 1228 rallegriamo
807 1173 947 1215 molto
977 1173 1050 1217 del
1079 1173 1229 1216 animo
1259 1181 1303 1216 et
1333 1173 1591 1230 gallardeza
1621 1177 1705 1218 che
1738 1175 1768 1217 il

137 1249 332 1305 Signore
354 1249 391 1292 si
414 1251 564 1306 degna
586 1251 724 1302 darle‚
750 1264 839 1292 non
864 1256 1042 1293 ostante
1065 1251 1106 1293 la
1129 1265 1210 1294 sua
1234 1253 1306 1294 eta
1329 1258 1374 1295 et
1397 1252 1629 1304 infirmita,
1656 1260 1702 1296 et
1725 1252 1767 1295 ci

137 1328 237 1370 sara
260 1335 391 1383 grato
414 1329 498 1370 che
519 1327 547 1370 l’
576 1327 791 1384 impieghi
818 1327 864 1369 in
895 1327 1072 1380 Vineia,
1110 1328 1293 1380 Milano,
1318 1344 1344 1371 o
1377 1330 1536 1380 Roma,
1568 1331 1765 1373 secondo

136 1404 287 1447 scrissi
308 1405 426 1449 nella
448 1404 536 1447 mia
563 1405 732 1448 Vltima.
760 1407 812 1448 L’
839 1406 966 1457 altra,
994 1407 1078 1448 che
1102 1414 1272 1460 quanto
1295 1421 1320 1448 a
1342 1406 1356 1447 i
1379 1406 1495 1458 libri,
1528 1421 1622 1449 non
1650 1408 1765 1450 vedo

132 1496 212 1537 per
234 1482 393 1524 adesso
416 1497 543 1526 come
566 1482 603 1525 si
627 1482 808 1538 possino
832 1497 986 1526 recare
1009 1484 1065 1525 ad
1089 1483 1229 1535 Italia,
1255 1498 1334 1538 per
1356 1483 1369 1525 i
1398 1483 1581 1539 pericoli
1604 1491 1649 1527 et
1676 1484 1762 1526 dif-

129 1558 281 1602 ficolta
303 1559 418 1602 delle
441 1560 606 1612 strade3
633 1566 678 1603 et
700 1559 794 1602 cosi
820 1561 919 1602 sara
941 1561 1031 1602 ben
1055 1559 1092 1602 si
1115 1561 1230 1603 veda
1252 1574 1301 1602 se
1324 1561 1516 1615 qualche
1534 1561 1647 1603 altro
1669 1561 1764 1603 col-

128 1635 249 1691 legio
271 1635 315 1678 di
338 1643 513 1679 cotesta
542 1636 776 1692 prouincia
799 1651 856 1680 ne
885 1637 1053 1679 hauera
1086 1636 1295 1693 bisogno,
1328 1637 1388 1679 dil
1418 1639 1501 1680 che
1530 1652 1587 1680 ne
1614 1638 1764 1680 scriuo

127 1727 218 1755 vna
240 1713 442 1769 parolina
464 1714 505 1756 al
530 1715 579 1756 P.
604 1715 772 1756 Hoffeo
796 1714 827 1766 ²,
855 1714 884 1756 il
908 1715 1040 1770 quale
1070 1729 1162 1757 non
1195 1713 1354 1757 dubito
1386 1716 1423 1756 s'
1457 1714 1709 1771 ingegnera
1737 1731 1763 1758 3

133 1790 226 1833 fare
249 1805 274 1833 a
297 1791 354 1833 V.
382 1792 435 1833 R.
464 1797 581 1833 tutta
602 1791 644 1834 la
672 1790 810 1833 carita
834 1798 879 1834 et
900 1791 1073 1833 seruitii
1096 1792 1183 1834 che
1205 1792 1347 1847 potra.
1371 1793 1427 1834 Et
1455 1793 1620 1847 perche
1649 1806 1762 1847 que-

132 1874 201 1910 sta
223 1882 316 1910 non
339 1867 361 1910 e
384 1882 463 1923 per
485 1868 613 1919 altro,
642 1867 756 1911 facio
773 1868 865 1911 fine
881 1869 1115 1924 pregando
1134 1869 1176 1910 al
1193 1868 1387 1924 Signore
1408 1868 1613 1924 guardia
1632 1870 1682 1912 V.
1705 1870 1758 1912 R.

132 1958 217 1987 con
240 1945 283 1987 la
304 1959 386 1987 sua
408 1944 540 1987 solita
561 1944 841 2001 protectione
862 1952 907 1988 et
937 1945 1297 1988 raccomandomi
1326 1946 1410 1988 alle
1438 1960 1520 1989 sue
1549 1953 1635 1990 etc.
1669 1947 1761 1989 Ro—-

129 2036 217 2073 ma,
250 2032 298 2075 15
322 2020 367 2063 di
390 2021 548 2077 Aprile
576 2032 702 2075 1577.

196 2151 205 2171 ¹
257 2152 315 2186 Ex
333 2152 522 2196 Regesto,
545 2150 639 2186 Cod.
667 2162 708 2196 33
734 2151 790 2196 k),
811 2151 847 2186 ff.
872 2160 906 2198 5,
927 2151 963 2187 6.
990 2152 1034 2187 ln
1059 2151 1247 2197 margine:
1276 2152 1423 2187 Halae.
1444 2152 1494 2186 P.
1514 2152 1759 2198 Hieronymo

123 2211 278 2246 Natali.
300 2210 400 2246 Vide
420 2211 534 2257 epist.
555 2211 638 2256 614,
659 2211 723 2247 eui
740 2212 836 2247 haec
857 2211 1081 2258 respondet.

193 2273 206 2292 ”2
259 2270 426 2305 «Scribit
444 2270 492 2305 ad
511 2282 571 2305 me
591 2271 639 2305 Ρ.
663 2271 814 2306 Natalis
833 2282 875 2306 se
893 2272 1069 2306 laborare
1095 2271 1143 2306 de
1170 2271 1294 2315 libris,
1314 2282 1410 2318 quos
1429 2271 1544 2306 isthic
1563 2281 1757 2317 compara-

123 2335 182 2366 tos
201 2330 319 2365 habet
337 2341 487 2365 summa
509 2330 574 2364 116
599 2330 846 2377 florenorum,
872 2330 1077 2377 pendenda
1096 2330 1272 2377 proximo
1297 2329 1474 2374 Octobri,
1501 2341 1548 2365 eo
1571 2329 1675 2377 quod
1699 2342 1757 2365 re-

118 2395 207 2425 ctor
226 2390 331 2424 nullo
349 2394 462 2435 pacto
480 2389 601 2435 possit
619 2401 705 2424 eam
724 2389 928 2436 pecuniam
946 2390 1166 2434 exsoluere;
1192 2389 1231 2425 id
1248 2389 1352 2436 quod
1375 2391 1489 2436 plane
1513 2388 1757 2424 incommode

122 2448 277 2490 accidit,
296 2448 464 2495 quando,
484 2453 527 2483 vt
545 2448 682 2495 scripsi
700 2461 838 2495 nuper,
857 2448 941 2495 ipse
960 2450 1000 2484 Ρ.
1024 2449 1174 2484 Natalis
1194 2454 1298 2484 totus
1323 2448 1494 2495 adspirat
1518 2448 1565 2483 ad
1589 2447 1755 2493 Italiam,

120 2513 164 2543 et
187 2513 317 2543 tantae
340 2514 431 2543 sunt
458 2508 602 2554 vbique
627 2508 776 2543 viarum
800 2508 1006 2554 angustiae
1030 2510 1080 2543 ob
1106 2507 1384 2554 pestilentiam,
1412 2513 1453 2543 vt
1477 2508 1566 2543 libri
1593 2508 1668 2542 huc
1691 2507 1754 2542 ad-

120 2567 212 2602 uehi
231 2572 439 2613 nequeant.
461 2568 726 2613 Quamobrem
744 2567 858 2615 cupio
875 2579 896 2603 a
914 2568 965 2603 R.
989 2568 1035 2602 T.
1063 2567 1213 2614 exquiri
1239 2580 1331 2602 num
1356 2568 1418 2602 cui
1443 2567 1509 2602 alii
1533 2566 1646 2602 istius
1670 2577 1750 2613 pro-

117 2626 269 2662 uinciae
282 2626 448 2671 collegio
466 2626 554 2661 libri
572 2627 732 2662 attribui
751 2627 916 2673 possint,
931 2632 971 2662 et
989 2628 1156 2673 pretium
1175 2638 1245 2662 suo
1265 2632 1440 2673 tempore
1459 2625 1625 2669 exsolui,
1645 2637 1753 2672 prae-

114 2685 250 2721 sertim
268 2697 356 2721 cum
375 2686 426 2721 sit
444 2685 538 2720 satis
557 2686 651 2732 vile,
670 2691 710 2722 et
729 2698 858 2722 merce
877 2687 999 2722 multo
1017 2686 1196 2732 inferius,
1215 2698 1342 2733 neque
1362 2686 1465 2721 enim
1484 2685 1558 2720 alia
1585 2685 1752 2720 occurrit

115 2745 212 2781 ratio
242 2745 460 2792 expeditior
483 2744 531 2780 ad
553 2745 822 2781 difficultatem
846 2747 946 2781 hanc
971 2745 1280 2793 explicandam.»
1309 2746 1366 2781 Ex
1391 2745 1556 2792 epistola
1586 2744 1633 2779 ad
1658 2744 1750 2779 Hof-

112 2804 255 2847 faeum,
277 2804 412 2839 eadem
430 2804 494 2840 die
515 2814 556 2850 15
574 2805 677 2841 data.
698 2805 803 2841 Ibid.
827 2805 894 2841 fol.
912 2814 932 2850 5
953 2817 992 2843 V.
