2101 3348
335 274 403 319 596
738 320 750 328 ἢ
853 272 993 306 ΕΡιεΤ.
1021 270 1067 305 Ρ.
1096 269 1291 306 NADAL-
1301 277 1370 313 522

281 388 450 430 magna
472 380 517 416 et
539 372 750 425 Francia,
782 373 901 415 della
930 371 1216 428 Compagnia
1238 371 1284 413 di
1313 370 1474 414 Giessi.
1509 370 1737 424 Anuersa,
1763 384 1790 412 0
1811 370 1930 414 (1036

279 451 395 494 sara.
424 453 515 494 Pro
537 457 648 493 toto.
676 450 862 494 Natalis
885 463 1050 491 manu:
1075 450 1128 491 P.
1156 447 1440 504 prouinciali.
1473 447 1633 504 Sigilli
1661 448 1922 504 vestigium.

1048 577 1173 618 522

717 652 769 694 P.
816 651 1233 695 HIERONYMUS
1265 651 1486 693 NADAL

601 726 844 764 SANCTO
892 725 1241 763 FRANCISCO
1288 727 1364 761 DE
1408 725 1601 772 BORJA

833 801 1023 837 LovANn,
1051 801 1097 826 20
1124 801 1216 835 MAJI
1247 792 1337 836 1568
1365 792 1392 826 ¹.

272 867 305 893 1.
328 858 415 893 PP.
436 859 579 893 Acosta
599 860 636 893 et
644 857 793 904 Javier
807 858 926 905 grati
943 857 1290 904 antverpiensibus
1309 859 1520 893 venerunt:
1539 858 1586 892 de
1599 869 1671 893 suo
1684 858 1927 894 ministerio:

320 917 368 952 P.
404 916 617 952 Cornelius
647 918 702 951 ad
720 916 1017 964 professionem
1037 917 1473 963 praeparandus.--2.'¹
1488 915 1703 952 Convictus
1731 918 1925 965 ingolsta-

318 976 468 1011 diensis
485 976 547 1011 vel
572 976 772 1011 tollendus
797 976 860 1011 vel
885 976 1142 1010 ordinandus
1165 975 1344 1010 videtur:
1363 977 1411 1010 de
1435 976 1552 1010 domo
1572 975 1754 1021 Altierii,
1773 976 1924 1013 Romae

320 1035 511 1071 Societati
528 1046 722 1079 concessa,
738 1036 958 1082 gaudet.—
963 1044 997 1080 3.
1020 1035 1177 1079 Quibus
1195 1035 1242 1069 de
1260 1035 1393 1070 causis
1416 1036 1461 1070 in
1479 1034 1663 1070 Galliam
1686 1036 1868 1071 nondum
1885 1048 1925 1072 se

317 1095 503 1131 contulit:
523 1095 695 1130 Romam
715 1095 775 1129 ire
789 1097 966 1141 paratus
983 1094 1145 1138 est.--4.
1167 1094 1229 1130 De
1247 1094 1429 1141 collegiis
1447 1095 1640 1130 duacensi
1655 1098 1692 1130 et
1716 1095 1924 1131 leodiensi:

316 1154 367 1189 P.
386 1154 591 1189 Henricus
610 1153 831 1199 Dionysius
849 1154 894 1188 in
912 1153 1153 1188 Borussiam
1172 1164 1253 1187 non
1271 1153 1492 1188 mittendus
1510 1154 1773 1197 videtum—5.
1794 1154 1855 1189 De
1873 1154 1923 1189 li-

316 1213 383 1248 bro
401 1214 574 1248 doctoris
599 1212 846 1248 Torres.—6.
869 1212 1028 1248 Scholia
1047 1213 1092 1247 in
1110 1213 1423 1254 constitutiones,
1437 1213 1531 1258 jam
1550 1214 1684 1248 revisa
1701 1216 1738 1249 et
1755 1213 1917 1255 collata,

314 1271 424 1306 brevi
441 1283 480 1307 se
500 1272 672 1306 Romam
691 1272 930 1306 missuram:
946 1271 1184 1318 provincias
1206 1270 1370 1306 Galliae
1389 1272 1568 1307 lustrare
1587 1275 1700 1319 posse
1719 1273 1919 1319 desperat:

319 1331 492 1365 Romam
517 1332 772 1378 cogitat.—7.
807 1330 859 1365 Ut
885 1331 1060 1366 Societas
1084 1331 1179 1365 duci
1204 1331 1251 1365 de
1271 1330 1380 1365 ‘Alba
1404 1343 1429 1365 a
1454 1343 1549 1378 rege
1572 1332 1800 1378 Hispaniae
1818 1343 1918 1366 com-

315 1390 527 1425 mendetur
541 1390 853 1436 procurandum
872 1390 1093 1430 existimat,
1109 1392 1186 1435 pro
1205 1389 1302 1424 bono
1320 1401 1497 1425 successu
1517 1391 1781 1437 collegiorum
1796 1391 1918 1426 Flan-

315 1450 447 1484 driae.

364 1539 399 1569 1.
461 1528 592 1583 Jhus.
621 1527 763 1570 Molto
787 1527 902 1569 Rdo.
932 1528 983 1569 P.
1007 1527 1063 1569 N.
1082 1526 1126 1568 in
1146 1526 1345 1570 Christo.
1370 1528 1465 1569 Pax
1485 1526 1672 1580 Christi,
1694 1535 1781 1572 ete.
1805 1528 1916 1571 Cin—

273 1617 363 1658 que
387 1602 537 1659 giorni
561 1604 603 1646 fa
627 1603 755 1646 scrisi
774 1604 859 1646 3113
880 1605 932 1646 P.
955 1604 1013 1646 V.
1035 1602 1079 1645 di
1100 1604 1345 1655 Brussella,
1367 1605 1516 1646 dando
1534 1604 1661 1647 auiso
1677 1606 1782 1647 dell'
1803 1606 1914 1649 arri—

267 1687 373 1723 uata
396 1679 502 1724 delli
524 1680 602 1722 doi
626 1680 762 1723 Padri
783 1682 841 1723 D.
870 1681 1043 1723 Acosta
1065 1687 1110 1723 et
1133 1680 1305 1723 Xauier
1328 1681 1361 1734 2,
1388 1680 1417 1722 11
1442 1681 1563 1735 quali
1586 1681 1739 1724 lasciai
1767 1682 1911 1726 intro—

264 1757 379 1799 dotti
404 1771 491 1800 con
514 1756 652 1812 quelli
675 1756 849 1813 signori
872 1758 987 1800 della
1012 1756 1197 1801 natione
1219 1758 1475 1814 spagnuola
1491 1757 1537 1799 in
1556 1759 1783 1812 Anuersa,
1804 1760 1911 1802 dall-i

265 1833 387 1889 quali
414 1834 578 1876 furono
601 1835 740 1876 molto
764 1834 854 1878 ben
883 1833 989 1876 visti
1018 1841 1063 1876 et
1092 1833 1321 1877 riceuutti.
1359 1834 1620 1878 Veniranno
1650 1835 1802 1879 subito
1829 1852 1909 1893 per

261 1910 445 1953 visitare
468 1910 499 1952 il
521 1911 639 1953 duca
661 1911 705 1952 d’
731 1911 854 1953 Alua
876 1912 890 1931 ⁵
921 1910 967 1953 in
991 1924 1125 1953 nome
1147 1911 1263 1954 della
1288 1912 1339 1953 P.
1368 1912 1424 1954 V.
1453 1918 1497 1954 et
1519 1912 1632 1954 darli
1654 1913 1696 1955 13
1718 1927 1801 1956 sua
1823 1914 1909 1957 let-

262 1994 374 2031 tera:
402 2002 564 2030 sarano
588 1987 825 2030 introdotti
847 1989 904 2030 da
926 2002 1009 2030 sua
1042 1989 1181 2030 Exest
1208 2002 1288 2043 per
1317 1989 1408 2030 don
1435 1990 1470 2031 F
1474 2003 1689 2033 rancesco
1711 1990 1757 2032 di
1785 1992 1820 2033 F
1823 2005 1908 2034 on—

262 2077 368 2106 seca
391 2064 424 2115 ⁴,
452 2063 482 2106 il
504 2065 639 2118 quale
661 2064 723 2108 mi
746 2064 875 2107 offeri
900 2064 945 2106 di
970 2065 1064 2108 fare
1086 2071 1249 2119 questo
1271 2065 1435 2108 officio.
1462 2067 1512 2108 In
1542 2067 1702 2121 questa
1730 2067 1908 2123 rispon-

260 2141 371 2183 dero
395 2142 692 2184 breuemente
715 2156 740 2183 3
763 2142 853 2183 (136
876 2141 995 2185 della
1018 2143 1071 2184 P.
1099 2143 1177 2193 V.,
1204 2156 1295 2184 vna
1318 2142 1423 2185 delli
1455 2156 1511 2197 30
1540 2142 1585 2185 di
1618 2146 1789 2196 Marzo,
1825 2146 1909 2188 6116

259 2216 410 2272 questi
434 2216 583 2273 giomi
606 2219 789 2261 haueuo
812 2217 1054 2270 rieeuutta;
1081 2219 1111 2260 l'
1138 2218 1251 2260 altra
1273 2218 1378 2262 delli
1403 2231 1457 2273 27
1476 2221 1521 2262 d’
1541 2220 1716 2276 Aprile,
1737 2222 1823 2265 6116
1846 2221 1907 2264 1111

258 2294 306 2335 fu
331 2294 436 2337 data
459 2293 586 2336 hieri.
612 2295 669 2335 Et
692 2294 852 2349 prima,
879 2301 1055 2349 quanto
1078 2310 1104 2337 3
1133 2295 1284 2349 quella
1313 2295 1358 2337 di
1387 2309 1457 2350 30.
1498 2299 1665 2349 Penso,
1702 2299 1902 2341 secondo

255 2370 284 2411 l’
312 2369 471 2413 ordine
494 2371 581 2413 6116
603 2371 632 2411 l’
659 2385 780 2413 anno
803 2378 986 2426 passato
1011 2370 1072 2412 mi
1095 2372 1200 2415 dete
1222 2371 1265 2413 13
1288 2373 1340 2414 Ρ.
1369 2373 1446 2424 V.,
1473 2372 1647 2416 hauerli
1669 2372 1744 2429 gia
1772 2388 1900 2417 man—

255 2434 361 2490 data
383 2447 425 2488 13
447 2446 581 2489 visita
605 2447 708 2490 dell'
735 2446 921 2491 inferior
939 2446 1202 2499 Germania,
1224 2446 1482 2503 imperoche
1500 2449 1573 2491 alli
1593 2450 1647 2491 28
1667 2449 1712 2491 di
1732 2451 1898 2507 Luglio

326 2601 335 2621 ¹
388 2600 446 2634 Ex
477 2599 705 2645 archetypo,
737 2610 758 2633 a
789 2599 968 2644 Jimenez
1000 2605 1171 2647 exarato,
1202 2605 1242 2635 et
1274 2601 1424 2636 Natalis
1456 2613 1570 2638 manu
1590 2605 1823 2651 subscrith3
1856 2604 1896 2640 in

253 2658 383 2705 Epist.
405 2657 561 2702 Natal.,
581 2658 631 2703 II,
654 2657 801 2704 duplici
819 2657 902 2702 fol.,
923 2667 992 2702 204
1013 2659 1110 2705 (451,
1128 2662 1226 2703 452).
1249 2659 1349 2695 Vide
1369 2660 1483 2706 epist.
1506 2670 1573 2706 515
1594 2668 1633 2698 et
1651 2670 1736 2709 517,
1755 2664 1896 2710 quibus

251 2718 349 2752 11366
367 2716 594 2763 respondet.

321 2779 334 2797 ‘2
387 2775 488 2811 Vide
508 2775 622 2821 epist.
646 2783 728 2819 520,
750 2787 788 2810 n.
813 2784 844 2810 1.

320 2837 334 2856 ³
385 2834 656 2870 Ferdinandus
677 2835 846 2870 Alvarez
865 2835 913 2870 de
933 2835 1097 2871 Toledo.
1120 2835 1220 2871 Vide
1240 2836 1356 2882 epist.
1378 2847 1461 2883 497,
1483 2851 1520 2874 n.
1542 2851 1576 2885 9.

315 2894 331 2914 ⁴
382 2895 454 2929 «D.
476 2894 685 2929 Franciseo
703 2893 752 2929 de
772 2895 1010 2940 Fonseca...‚
1030 2895 1084 2929 VI
1104 2899 1220 2930 sefior
1238 2896 1286 2930 de
1306 2897 1409 2933 Coea
1428 2910 1453 2944 y
1474 2899 1672 2945 Alaejos.»
1693 2899 1890 2936 SALAZAR

241 2962 270 2988 Y
289 2953 477 2998 CASTRO,
499 2953 684 2988 Historia
699 2954 965 3001 genealogica
981 2955 1027 2989 de
1047 2954 1088 2988 la
1103 2966 1195 2989 casa
1210 2955 1256 2989 de
1275 2955 1400 3002 Lara,
1416 2958 1447 3002 Ι,
1464 2966 1546 3002 540.
1566 2960 1625 2993 De
1640 2959 1714 2994 hoc
1728 2960 1888 3005 egregio

241 3012 323 3047 viro
341 3012 390 3048 cf.
413 3012 632 3054 CABRERA,
653 3013 725 3047 106.
747 3012 831 3058 eit.,
851 3013 917 3047 lib.
946 3013 1016 3058 IV,
1042 3024 1126 3059 cap.
1155 3022 1212 3058 243
1234 3019 1273 3049 et
1294 3016 1462 3062 MUSJOZ,
1495 3018 1605 3063 Viaje
1624 3019 1670 3054 de
1690 3019 1825 3066 Felipe
1844 3019 1893 3054 II

238 3073 265 3106 ά
285 3071 536 3118 Inglaterra,
554 3081 643 3117 pag.
667 3078 746 3116 145.
769 3070 868 3106 Vide
887 3082 1014 3118 supra,
1037 3083 1125 3118 pag.
1147 3082 1228 3118 495,
1250 3079 1381 3108 annot.
1403 3085 1436 3109 2.
