2101 3348
842 196 888 223 22
916 188 1107 224 AUGUs'rl
1137 188 1227 233 1568
1734 186 1800 223 631

300 287 545 343 Inscripiz‘o
567 288 615 330 in
639 293 806 344 quarta
823 291 1021 347 pagina:
1044 289 1072 348 †
1097 291 1156 334 Al
1174 291 1313 333 molto
1337 290 1451 334 Rdo.
1474 289 1517 332 in
1544 291 1661 345 Xpo.
1687 290 1850 342 Padre,

209 363 241 406 il
265 366 318 407 P.
346 366 481 409 Mtro.
509 365 776 410 Hieronimo
799 368 951 421 Natal,
976 367 1182 412 visitator
1204 368 1250 410 in
1277 367 1485 420 Francia,
1512 367 1570 411 de
1592 367 1634 410 la
1657 367 1851 424 Compa-

212 442 321 498 gnia
338 442 384 485 di
405 442 567 487 Giesu.
591 444 641 485 In
666 443 870 501 Pariggi,
891 460 917 488 0
934 446 1057 489 doue
1079 445 1116 489 si
1141 453 1318 489 truoua.
1350 446 1603 502 Vestigium
1627 445 1790 502 sigilli.

973 593 1092 632 534

655 677 707 718 Ρ.
745 677 1159 722 HIERONYMUS
1193 678 1412 721 NADAL

538 750 780 789 SANCTO
818 752 1167 790 FRANCISCO
1208 754 1284 788 DE
1326 752 1522 800 BORJA

646 826 849 862 LUGDUNJ,
872 828 917 852 20
936 827 990 853 ET
1011 827 1054 853 22
1074 827 1258 854 AUGUSTI
1281 818 1371 863 1568
1395 821 1418 854 ¹.

202 902 233 928 Ι.
256 893 505 940 Lugdunum
525 895 709 942 attingit:
729 895 902 930 comitiis
915 897 1154 941 provinciae
1174 897 1299 941 adest,
1321 897 1365 931 in
1384 896 1526 942 quibus
1546 897 1597 931 P.
1629 897 1857 932 thdovicus

254 951 477 988 Condretus
489 957 737 1001 procurator
755 955 1039 1002 eligitur.—2.
1066 955 1126 990 De
1145 955 1246 990 libro
1271 957 1444 990 doctoris
1470 957 1628 992 Torres:
1647 968 1790 991 rumor
1810 957 1857 991 de

252 1013 435 1048 concione
456 1013 502 1047 P.
525 1014 630 1048 Pae'z
641 1013 780 1060 falsus
798 1015 1027 1059 evasit.—-3.
1054 1014 1116 1049 De
1140 1015 1256 1049 domo
1276 1015 1530 1061 probationis
1554 1015 1597 1050 in
1626 1014 1854 1050 Germania

252 1073 529 1107 constituenda
549 1076 585 1108 et
603 1074 650 1108 de
669 1073 885 1108 Francisco
909 1075 955 1109 de
980 1074 1169 1108 Fonseca:
1194 1074 1398 1109 Henricas
1422 1075 1642 1120 Dionysius
1675 1074 1857 1120 Trajecto

252 1143 331 1166 uon
350 1132 576 1167 educendus
595 1132 861 1177 videtum—4.
892 1132 1170 1179 Collegiorum
1194 1132 1357 1168 Galliae
1377 1134 1674 1178 lustrationem,
1695 1134 1739 1168 ob
1758 1136 1856 1168 tem-

245 1194 395 1237 porum
414 1190 630 1236 injuriam,
652 1190 852 1227 absolvere
866 1195 979 1238 posse
998 1193 1200 1238 desperat:
1219 1204 1309 1228 cum
1324 1182 1661 1239 procuratoribus
1682 1193 1856 1228 Romam

247 1253 382 1298 petere
400 1251 659 1297 cogitat.—5.
680 1251 741 1286 De
760 1252 928 1298 collegio
950 1252 1135 1287 Lovavzz'i:
1156 1253 1381 1287 Flandriae
1405 1252 1579 1299 collegia
1602 1253 1740 1287 omnia
1764 1253 1856 1300 regi

249 1309 440 1346 catholico
459 1311 779 1345 commendanda
797 1311 1101 1346 videntur.—6.
1123 1312 1219 1346 Post
1237 1312 1403 1358 scripta,
1433 1313 1479 1346 de
1515 1311 1720 1348 Gctlielmo
1736 1315 1854 1353 scoto,

251 1370 299 1404 P.
322 1368 540 1404 Edmmzdo
557 1369 668 1404 Haio
686 1372 938 1416 aegrotante,
955 1373 991 1405 et
1010 1371 1056 1405 de
1067 1370 1250 1417 jubilaeo
1263 1372 1540 1417 procurando.

297 1460 333 1490 Ι.
395 1449 527 1504 Jhus.
555 1448 698 1491 Molto
722 1448 837 1491 Rdo.
866 1450 918 1491 P.
946 1450 1003 1491 Ν.
1031 1448 1077 1490 in
1107 1448 1304 1492 Christo.
1335 1450 1430 1491 Pax
1454 1448 1641 1501 Christi,
1668 1456 1756 1492 etc.
1782 1450 1852 1491 Da

202 1524 432 1568 Ciamberi
457 1524 584 1567 scrisi
608 1526 694 1568 alla
718 1527 768 1568 P.
794 1527 850 1569 V.
878 1525 953 1568 alli
977 1537 1001 1580 7
1026 1528 1059 1569 ⁹².
1084 1526 1236 1582 Dipoi‚
1275 1526 1456 1570 visitato
1490 1527 1596 1582 quel
1634 1526 1847 1582 collegio,

202 1617 252 1645 so
275 1601 434 1658 gionto
457 1601 503 1644 in
526 1602 669 1645 Lione
691 1602 766 1646 alli
796 1614 845 1656 17
870 1603 914 1645 di
938 1610 1117 1658 questo.
1140 1604 1189 1646 In
1208 1603 1356 1658 questi
1376 1610 1442 1646 tre
1465 1602 1615 1659 giomi
1634 1605 1720 1647 che
1738 1617 1850 1645 sono

204 1686 322 1722 stato
345 1679 440 1734 qui,
473 1679 620 1734 questi
655 1679 790 1722 Padri
822 1687 867 1723 et
897 1680 940 1723 io
972 1680 1215 1723 habbiamo
1249 1682 1360 1723 fatte
1394 1680 1556 1732 alcune
1590 1694 1852 1736 congrega-

205 1755 317 1799 tioni
349 1755 506 1812 preuie
544 1755 615 1799 all'
654 1740 868 1800 elettione
905 1758 978 1800 del
1016 1765 1323 1814 procuratore,
1366 1757 1396 1799 il
1433 1758 1565 1812 quale
1603 1756 1848 1799 habbiamo

205 1834 342 1878 616110
365 1833 523 1889 hoggi,
550 1840 595 1877 et
617 1833 640 1877 e
662 1833 691 1875 11
716 1836 769 1876 Ρ.
796 1835 1034 1878 Ludouico
1058 1835 1310 1877 Coudretto
1337 1842 1356 1861 ἃ
1381 1836 1413 1886 ⁵,
1440 1838 1479 1876 et
1509 1841 1576 1876 2.0
1604 1835 1694 1876 loco
1726 1835 1845 1877 Mro.

203 1909 508 1966 Couuiglione
525 1911 557 1953 ⁴.
592 1910 640 1955 Si
669 1926 784 1954 sono
814 1911 1020 1954 ritrouati
1050 1912 1126 1967 qui
1154 1911 1184 1953 il
1214 1913 1267 1954 P.
1295 1910 1620 1967 Couuiglione,
1646 1911 1677 1953 il
1700 1918 1846 1954 stesso

203 1990 255 2031 P.
282 1986 535 2041 Ludouico,
556 1987 586 2029 il
606 1990 657 2030 P.
680 1988 912 2044 Roggerio
931 1991 962 2042 5,
984 1988 1193 2044 professi,
1215 1989 1245 2031 il
1264 1991 1315 2031 P.
1340 1988 1531 2032 Claudio
1550 1990 1582 2040 ⁶,
1604 1988 1635 2030 il
1655 1991 1707 2031 P.
1730 1990 1846 2031 Pos-

202 2064 364 2107 50111110
377 2063 398 2090 b
420 2066 450 2118 ⁷,
465 2071 510 2107 et
527 2064 556 2106 il
575 2071 743 2108 1611016
760 2065 805 2107 di
824 2072 986 2120 questo
1006 2065 1202 2122 collegio
1220 2067 1252 2108 ⁸.
1274 2065 1333 2109 Di
1352 2066 1487 2108 modo
1504 2067 1590 2110 che
1607 2080 1698 2108 non
1716 2080 1821 2107 man
1831 2091 1846 2097 ⁷-

199 2156 313 2185 cano
332 2157 380 2185 se
401 2157 491 2185 non
515 2142 579 2199 gli
601 2142 759 2186 rettori
778 2142 823 2184 di
842 2143 1007 2186 Tolosa
1025 2145 1039 2166 ⁹
1059 2150 1104 2186 61
1121 2144 1308 2188 Rhodes
1330 2145 1378 2196 ¹⁰,
1401 2144 1490 2187 che
1508 2157 1587 2199 per
1605 2143 1646 2186 le
1669 2142 1848 2185 circon-

272 2263 292 2283 a
331 2264 350 2300 5
368 2257 488 2291 verba
503 2267 612 2303 seqq.
630 2255 670 2291 in
685 2267 806 2302 marg.
824 2255 972 2292 addidit
987 2256 1074 2292 libr.
1086 2257 1148 2284 —b
1164 2256 1242 2301 Sic,
1260 2268 1328 2303 pro
1344 2256 1575 2298 Posse-vino,
1594 2256 1657 2291 hic
1673 2261 1712 2291 et
1731 2255 1844 2290 infra.

273 2351 284 2371 ¹
335 2352 394 2386 Ex
425 2351 657 2397 archetypo,
677 2363 699 2385 a
730 2351 908 2397 Jimenez
940 2356 1118 2396 exarato,
1139 2357 1179 2387 61
1210 2351 1360 2387 Natalis
1392 2363 1509 2387 manu
1539 2351 1773 2397 subscripto,
1807 2350 1846 2385 in

203 2411 331 2457 Epist.
352 2411 508 2455 Natal.,
529 2412 580 2456 ΙΙ,
600 2411 745 2458 duplici
764 2411 855 2456 sol„
876 2420 946 2456 209
964 2411 1063 2459 (352,
1084 2411 1184 2457 353).
1206 2413 1363 2458 Duplex
1378 2411 1563 2447 schedula
1578 2411 1717 2446 tertiae
1732 2409 1847 2456 hujus

202 2471 392 2518 epistolae
411 2471 588 2518 pagellae
607 2471 850 2516 agglutinata
869 2471 1068 2507 adhaeret.
1089 2471 1198 2507 Prior
1217 2483 1239 2506 a
1257 2471 1437 2517 Jimenez
1456 2471 1600 2517 scripta
1619 2476 1658 2506 et
1676 2482 1697 2505 a
1715 2469 1846 2505 Natali

199 2530 420 2577 subscripta
439 2535 500 2565 est
517 2539 562 2565 22
579 2530 763 2576 Augusti.
782 2531 917 2566 Altera
935 2531 1073 2575 minor,
1090 2532 1140 2566 ab
1159 2530 1294 2577 ignota
1311 2531 1424 2566 nobis
1445 2542 1560 2566 manu
1576 2535 1747 2573 exarata,
1764 2530 1847 2564 nul-

200 2591 276 2625 lam
295 2591 416 2625 habet
434 2590 776 2637 subscriptionem.

269 2652 283 2670 ‘2
335 2649 436 2684 Vide
457 2649 572 2696 epist.
594 2649 677 2694 532.
1031 2651 1045 2670 ⁵
1094 2650 1242 2685 Rector
1254 2650 1412 2696 collegii
1430 2648 1772 2685 camberiacensis.

269 2711 282 2731 ⁴
336 2710 509 2755 Joannes
528 2708 786 2750 Covillonius,
806 2708 855 2744 de
873 2720 950 2755 quo
975 2720 1094 2756 saepe
1112 2709 1284 2745 diximus
1303 2710 1343 2744 in
1368 2709 1429 2745 his
1450 2709 1642 2756 epistolis,
1663 2715 1766 2743 tomo
1793 2707 1845 2742 ΙΙ.

268 2769 282 2790 ⁵
332 2769 519 2814 Joannes.
539 2768 634 2814 Ejus
653 2780 819 2804 examen
838 2768 929 2804 vide
949 2769 989 2804 in
1008 2769 1137 2815 Epist.
1159 2769 1317 2814 NataZ.,
1338 2769 1389 2814 ΙΙ,
1409 2768 1492 2814 566.

270 2828 284 2850 ⁶
334 2827 521 2864 Claudius
540 2829 778 2864 Matthaeus.
803 2828 904 2864 Vide
923 2829 1038 2876 epist.
1060 2829 1143 2875 532,
1164 2842 1203 2864 n.
1227 2840 1259 2867 1.

271 2889 284 2908 ⁷
337 2887 531 2922 Antonius
550 2888 806 2934 possevinus,
825 2893 953 2924 rector
971 2889 1129 2935 collegii
1148 2888 1443 2924 avenionensis.

274 2946 288 2967 S
339 2946 559 2982 Gulielmus
577 2946 772 2983 Creitton.
1030 2949 1044 2970 ⁹
1096 2948 1267 2983 Annibal
1287 2947 1495 2983 Codretus.

264 3005 294 3026 ¹⁰
344 3006 516 3051 Joannes
535 3006 811 3053 Lotharingus.
