2101 3348
737 252 782 278 20
808 243 977 278 Apmms
1007 243 1097 287 1566
1634 243 1679 288 65

101 365 159 393 no
182 347 447 405 peligrando
469 346 510 390 el
527 345 660 388 dicho
684 345 829 388 Padre
853 358 909 387 en
927 358 980 386 su
1011 344 1243 397 uocacion,
1268 343 1315 387 ni
1345 343 1502 387 siendo
1524 344 1566 387 la
1595 358 1728 387 exas-

101 425 312 484 peracion
327 425 383 468 de
399 425 441 466 la
460 438 597 479 reyna
619 421 865 478 Margarita
882 427 1022 474 tanta,
1044 436 1133 477 que
1154 420 1407 478 paresciese
1430 427 1648 473 extrema,
1671 436 1729 465 en

101 505 207 548 todo
228 517 335 546 caso
352 500 549 545 embiase
572 500 613 543 al
635 499 767 542 dicho
791 498 936 542 Padre
958 502 985 541 a
1007 499 1237 555 Augusta,
1263 499 1305 542 al
1328 499 1432 554 qual
1455 499 1730 554 pondremos

102 581 251 624 donde
273 593 358 623 con
390 579 432 620 la
454 576 608 620 diuina
634 575 781 632 gratia
811 578 907 618 este
929 582 1162 627 contento,
1194 590 1224 631 y
1255 590 1311 620 en
1334 590 1388 618 su
1410 576 1543 631 lugat
1570 574 1730 632 pienso

101 658 257 702 enbiar
285 656 326 699 al
358 657 409 698 P.
442 655 638 697 Thomas
665 647 807 703 Galo,
839 665 1010 707 porque
1041 666 1148 707 para
1178 652 1220 694 la
1247 652 1399 707 quiete
1428 667 1456 707 y
1485 653 1606 696 buen
1644 666 1730 708 go-

98 735 255 779 bierno
276 734 332 776 de
353 731 485 787 aquel
502 729 694 786 collegio
716 742 803 772 ueo
825 742 898 772 ser
919 727 1175 772 necessario
1195 734 1374 784 apartar
1391 735 1513 772 estos
1536 729 1618 771 dos
1637 730 1728 772 Pa·

97 813 214 864 dres,
240 825 289 853 es
311 813 337 852 a
366 809 512 860 saber,
539 808 733 850 Hermes
761 819 790 860 y
813 803 978 847 Dissio.
1011 805 1243 847 Dominus
1265 805 1324 846 sit
1347 805 1593 847 nobiscum.
1627 806 1726 849 Ora

88 895 176 945 pro
198 887 337 938 nobis,
360 887 503 928 Pater
520 891 606 928 etc.
629 885 698 926 De
716 882 916 937 Dilinga‚
937 885 963 924 a
992 893 1042 938 19
1063 886 1086 913 ἕ
1113 881 1170 924 (16
1192 881 1323 924 Abril
1352 882 1479 935 1566.
1505 883 1562 924 D.
1591 884 1648 926 V.
1672 884 1724 926 P.

95 966 244 1010 sieruo
266 979 323 1008 6η
347 962 449 1014 X.⁰‚

1172 1041 1201 1098 †
1233 1042 1421 1085 NADAL.
1458 1041 1487 1098 †

185 1195 427 1251 Inscriptio
449 1194 499 1235 in
522 1195 687 1248 quarta
705 1191 902 1247 pagina:
928 1190 1060 1247 Jhus.
1089 1190 1141 1232 P.
1168 1190 1226 1233 Ν.
1259 1187 1403 1246 S[01i].
1436 1190 1544 1232 Alia
1567 1205 1727 1232 manu:

102 1274 228 1329 1566.
252 1272 451 1328 Dilinga.
480 1272 531 1313 P.
552 1269 728 1313 Natale.
761 1280 811 1325 19
834 1267 856 1294 h
882 1266 927 1309 di
951 1267 1124 1323 Aprile.
1161 1267 1414 1324 Vestigium
1438 1268 1602 1324 sigilli.

855 1379 964 1419 372

561 1466 605 1500 Ρ.
635 1463 874 1511 JOANNES
902 1464 972 1498 DE
996 1462 1250 1501 POLANCO

734 1554 782 1578 ex
801 1541 1076 1577 commissione

419 1623 628 1667 PATRI
675 1620 1102 1664 HIERONYMO
1150 1620 1394 1664 NADAL

606 1719 765 1752 ROMAE,
794 1719 840 1745 20
866 1718 1030 1747 APRILIS
1059 1708 1150 1754 1566
1180 1712 1203 1744 ¹.

84 1804 116 1830 Ι.
140 1794 300 1840 Scripta
318 1792 371 1826 ad
388 1790 551 1826 comitia
565 1791 800 1837 augustana
813 1788 1035 1835 spectantia
1049 1790 1206 1834 recepta
1221 1799 1246 1821 a
1261 1787 1435 1834 Borgia:
1447 1786 1635 1834 pontzfici
1649 1788 1726 1822 dis-

127 1853 278 1901 plicent
290 1850 582 1898 propositiones
599 1848 873 1895 imperatoris:
893 1847 1105 1883 consilium
1116 1847 1299 1893 juvandi
1317 1847 1492 1893 pecunia
1512 1846 1725 1893 imperato-

134 1924 217 1948 rem
242 1910 420 1947 benevole
444 1908 625 1944 admittit
644 1907 949 1954 pontifex.—2.
980 1907 1041 1942 De
1067 1906 1228 1953 collegii
1250 1906 1414 1941 romani
1437 1906 1655 1942 dotatione:
1679 1908 1726 1943 de

134 1983 235 2007 nova
253 1971 424 2006 editione
443 1969 675 2004 litterarum
695 1967 945 2002 indicarum.

178 2062 214 2093 Ι.
274 2050 406 2106 Jhus.
435 2047 575 2090 Molto
599 2046 713 2088 Rdo.
747 2044 793 2087 in
817 2045 934 2100 Xpo.
964 2044 1124 2088 Padre.
1155 2046 1251 2087 Pax
1273 2042 1400 2099 xpi„
1425 2050 1512 2087 etc.
1539 2043 1587 2088 Si
1604 2058 1718 2087 sono

84 2127 285 2172 riceuute
303 2125 450 2180 quelle
473 2122 784 2180 propositioni,
811 2129 855 2165 et
878 2123 1022 2164 anche
1044 2121 1075 2163 il
1097 2135 1276 2165 recesso
1299 2120 1373 2165 del
1396 2131 1523 2175 1555,
1544 2128 1589 2164 et
1612 2122 1716 2176 que]

82 2207 165 2248 che
181 2218 288 2260 pare
305 2202 378 2245 alli
396 2199 606 2244 catholici
625 2199 668 2241 di
687 2200 729 2242 la
747 2214 882 2255 sopra
905 2199 1028 2242 dette
1051 2197 1363 2254 propositioni,
1384 2204 1429 2240 et
1446 2197 1717 2241 medesima—

83 2288 232 2324 mente
249 2279 396 2336 quella
413 2277 543 2334 copia
565 2277 610 2319 di
632 2275 744 2320 certi
762 2275 934 2318 articoli
953 2276 1009 2318 de
1032 2274 1317 2331 protestanti,
1339 2274 1444 2330 qual
1462 2275 1519 2318 V.
1540 2276 1594 2318 R.
1616 2274 1716 2318 dice

83 2360 222 2402 hauer
237 2359 409 2400 hauuta
426 2355 499 2397 dal
517 2353 673 2410 signos
688 2354 805 2396 duca
820 2352 864 2395 di
882 2351 1075 2395 Bauiera
1093 2353 1125 2405 2ς
1141 2358 1186 2395 et
1203 2351 1248 2393 di
1266 2358 1384 2394 tutto
1403 2354 1438 2394 s'
1459 2352 1484 2395 6
1501 2351 1606 2394 dato
1624 2365 1714 2393 una

85 2434 211 2490 copia
232 2434 273 2476 al
295 2431 520 2475 cardinale
543 2429 868 2474 Alessandrino
892 2430 924 2481 ³,
956 2428 1080 2471 accio
1108 2428 1151 2471 la
1179 2428 1387 2472 mostrasi
1416 2444 1441 2472 a
1474 2429 1568 2472 Sua
1595 2428 1713 2473 San-

86 2511 165 2554 tita
186 2525 271 2553 con
293 2524 355 2552 un
378 2508 571 2564 capitolo
594 2522 620 2550 0
642 2506 716 2550 (101
739 2507 794 2550 (16
817 2507 858 2550 16
879 2507 1039 2550 lettere
1068 2505 1113 2548 di
1141 2506 1199 2549 V.
1233 2507 1307 2558 R.‚
1339 2506 1422 2549 che
1456 2511 1714 2548 trattauano

148 2654 170 2681 g
209 2646 287 2690 Sic,
306 2657 374 2692 pro
391 2654 450 2690 13.
470 2643 569 2679 Vide
589 2643 707 2690 epist.
733 2642 816 2688 375,
835 2655 877 2678 n.
909 2641 1025 2677 2.—h
1050 2642 1167 2677 Error
1185 2641 1442 2688 transcriptus
1461 2653 1510 2677 ex
1529 2641 1709 2688 epistola,

76 2716 144 2752 pro
161 2715 222 2749 13.

145 2827 154 2846 ¹
204 2825 263 2859 Ex
281 2823 504 2868 archetypo,
530 2833 552 2857 a
570 2821 797 2857 Fernandez
823 2825 996 2863 exarato,
1017 2824 1056 2854 et
1075 2819 1234 2855 Polanci
1264 2831 1380 2854 manu
1399 2819 1634 2865 subscripto,
1667 2818 1705 2853 in

76 2882 173 2919 Cod.
198 2882 318 2925 PLB,
337 2881 451 2917 unico
469 2881 560 2925 fol.,
578 2880 645 2925 237
669 2881 759 2926 (46).
782 2881 961 2915 Alterum
981 2884 1088 2914 extat
1104 2879 1325 2925 exemplum
1341 2878 1380 2914 in
1394 2879 1580 2924 Regesto,
1600 2876 1700 2912 Cocl.

79 2951 119 2988 33
131 2943 189 2989 f),
206 2941 276 2977 fol.
301 2951 364 2986 99.
388 2940 488 2975 Vide
507 2939 625 2986 epist.
651 2939 720 2984 364
738 2945 777 2974 et
796 2938 879 2985 365,
898 2938 1040 2986 quibus
1058 2939 1154 2974 haec
1171 2937 1400 2984 respondet.

145 3003 159 3023 2
209 3000 310 3036 Vide
327 3000 444 3046 epist.
469 2998 552 3043 364,
571 3011 610 3034 n.
634 3008 664 3036 1.

148 3061 162 3081 ³
211 3058 374 3094 Michael
392 3059 590 3103 Bonellus,
610 3068 801 3103 pronepos
820 3056 1032 3103 pontificis.

221 3123 334 3152 Emsr.
355 3123 397 3152 P.
417 3121 550 3157 NADAL,
570 3129 649 3150 τοΜ.
671 3121 731 3150 ΙΙΙ.
1540 3117 1558 3144 5
