2101 3348
820 188 1043 225 Apmmmx
1629 188 1697 224 821

109 286 281 341 veniet,
306 301 454 343 spero,
480 288 615 332 Pater
632 287 934 344 provincialis,
955 303 1008 332 ac
1027 289 1217 334 fortasse
1234 289 1354 333 illius
1370 289 1594 334 desiderio
1612 289 1747 334 faciet

107 345 237 398 satis,
279 353 328 389 ut
364 352 410 389 et
450 347 718 403 scriptorem
756 355 801 391 et
838 347 1091 391 studiorum
1127 349 1304 392 socium
1347 356 1552 405 optatum
1588 363 1747 393 secum

113 405 295 449 habeat.
322 406 526 449 Eventus
547 406 727 451 docebit
749 421 805 450 an
829 406 997 463 frigora
1018 408 1278 463 germanica
1299 408 1418 453 illius
1441 408 1746 452 valetudinem

113 465 309 508 laedant.

812 578 1050 622 LXXXIV

660 666 705 699 B.
724 665 927 702 PETRUS
954 665 1198 703 CANISIUS

478 755 643 786 PATRI
679 756 974 787 EVERARDO
1008 757 1377 789 MERCURIANO

517 830 792 886 Oeniponte‚
823 844 839 874 Ι
866 832 1144 888 Septembris
1175 844 1286 887 1574
1312 834 1342 877 ¹.

375 920 436 956 De
450 920 615 967 collegio
632 921 875 966 scriptorum
895 921 938 955 in
957 920 1182 956 Germania
1200 922 1465 957 instituenda

195 999 224 1055 ’ξ-
258 1000 355 1041 Pax
386 997 554 1041 Christi
586 997 716 1040 nobis
747 1004 947 1042 aeterna.
973 999 1231 1042 Admodum
1265 998 1366 1043 R.d³
1397 1001 1547 1043 Pater.
1580 999 1736 1042 Iussus

104 1072 250 1101 meam
273 1057 470 1100 scribere
490 1057 761 1100 sententiam
783 1058 840 1101 de
863 1057 1132 1112 quibusdam
1150 1057 1446 1113 scriptoribus
1463 1057 1508 1100 in
1526 1059 1612 1100 hac
1631 1071 1733 1113 pro—

105 1116 249 1160 uintia
272 1116 616 1168 constituendis,
642 1131 737 1160 rem
760 1116 915 1172 paucis
944 1116 1201 1171 expediam,
1228 1119 1285 1160 de
1307 1131 1397 1171 qua
1430 1116 1596 1160 caeteri
1625 1117 1736 1160 satis

106 1177 248 1218 multa
270 1175 436 1219 dixisse
460 1175 685 1218 uidentur.
713 1175 913 1217 Primum
945 1177 1241 1219 uehementer
1263 1176 1478 1231 optarim,
1505 1189 1557 1218 ac
1580 1175 1734 1218 multis

106 1234 195 1278 iam
219 1234 348 1277 annis
370 1242 492 1290 opto,
519 1236 607 1277 hoc
628 1234 769 1290 pium,
794 1241 1017 1287 sanctum,
1043 1236 1338 1290 praeclarum,
1366 1242 1410 1278 et
1434 1237 1518 1277 hoc
1548 1234 1730 1289 quidem

103 1301 307 1350 tempore
331 1301 505 1336 tantum
529 1308 619 1336 non
641 1293 961 1347 necessarium,
982 1294 1239 1349 nostrisque
1257 1293 1516 1336 hominibus
1539 1294 1730 1349 dignum

103 1353 361 1396 institutum
391 1354 487 1395 zelo
516 1359 561 1395 et
588 1352 829 1408 prudentia
860 1353 1140 1408 superiorum
1175 1352 1449 1408 promoueri.
1486 1354 1582 1396 Nec
1615 1354 1731 1397 adeo

101 1427 172 1455 me
190 1419 477 1455 commouent
496 1412 663 1464 uariae,
680 1427 797 1467 quae
815 1412 889 1454 hic
908 1427 955 1455 se
973 1414 1169 1455 offerunt
1186 1412 1492 1463 difficultates,
1506 1418 1551 1454 et
1569 1411 1607 1454 si
1624 1426 1729 1455 sen-

101 1471 207 1515 tiam
230 1472 475 1514 multorum
497 1471 670 1514 animos
693 1473 748 1514 ab
771 1473 856 1514 hoc
879 1471 1085 1514 instituto
1108 1479 1346 1527 propterea
1363 1479 1596 1525 utcunque
1619 1471 1730 1515 alie-

99 1545 180 1573 nos
204 1545 318 1575 esse.
345 1530 450 1575 Scio
472 1531 626 1585 quales
650 1537 694 1574 et
717 1539 908 1585 quantas
930 1530 1251 1586 occupationes
1273 1529 1417 1585 pariat
1446 1537 1589 1572 status
1612 1529 1726 1571 isto-

96 1605 197 1633 rum
225 1589 540 1645 collegiorum,
567 1589 612 1632 in
641 1590 806 1644 quibus
837 1590 977 1632 nostri
1002 1589 1205 1645 theologi
1234 1589 1419 1633 minime
1458 1588 1591 1631 otiosi
1627 1602 1729 1633 esse

96 1656 303 1705 possunt.
336 1650 426 1693 Sed
456 1651 507 1692 P.
539 1649 822 1704 prouintialis
854 1650 1044 1692 fortasse
1082 1649 1196 1700 illos,
1231 1648 1308 1703 qui
1345 1650 1401 1691 ad
1435 1647 1727 1691 scribendum

94 1708 246 1751 idonei
269 1708 462 1752 maxime
485 1707 761 1760 uiderentur,
783 1708 998 1764 paulatim
1017 1707 1254 1762 ordinarijs
1278 1706 1507 1750 laboribus
1529 1706 1727 1750 eximere

97 1766 255 1822 Queat,
283 1774 330 1810 ut
357 1782 411 1811 eo
433 1766 712 1810 commodius
735 1769 791 1810 ad
822 1769 912 1810 hoc
943 1775 1151 1810 sanctum
1184 1781 1298 1822 opus
1329 1765 1572 1821 accingant
1604 1779 1719 1808 sese.

94 1828 268 1869 Doctor
290 1826 595 1882 Hieronymus
619 1826 855 1870 Torrensis
878 1826 1060 1869 omnino
1082 1826 1249 1882 dignus
1283 1825 1392 1867 mihi
1425 1825 1621 1876 uidetur,
1648 1824 1724 1867 cui

92 1900 201 1941 prae
224 1886 413 1929 caeteris
436 1887 513 1928 fiat
536 1885 697 1941 gratia,
724 1893 774 1928 ut
797 1886 842 1927 in
860 1887 945 1928 hac
967 1893 1115 1930 aetate
1132 1892 1176 1928 et
1198 1884 1397 1941 corporis
1414 1883 1722 1927 imbecillitate

91 1945 355 2001 Ingolstadii
377 1959 504 1988 sacra
527 1945 726 2001 profiteri
755 1945 950 1997 desinat,
976 1952 1022 1988 et
1050 1945 1106 1987 ad
1135 1945 1276 1987 solam
1305 1943 1594 1999 scriptionem
1623 1957 1723 1987 sese

88 2012 345 2060 componat.
372 2006 531 2048 Plures
553 2004 731 2047 duobus
759 2011 836 2046 aut
860 2004 1003 2047 tribus
1032 2004 1078 2045 in
1108 2005 1195 2046 hac
1226 2002 1458 2058 prouincia
1482 2002 1721 2057 theologos

89 2079 182 2106 non
203 2064 355 2116 uideo,
382 2063 459 2119 qui
480 2078 585 2106 curn
612 2064 758 2105 fructu
781 2063 976 2106 scribere
998 2062 1187 2119 possint:
1215 2064 1299 2105 hos
1322 2077 1348 2104 a
1370 2063 1423 2105 P.
1448 2061 1723 2117 prouintiale

90 2123 412 2179 designandos,
433 2130 478 2165 et
498 2124 598 2166 loco
623 2123 769 2178 magis
791 2129 1047 2178 opportuno
1070 2121 1357 2164 collocandos
1380 2131 1603 2176 putarem.
1629 2121 1722 2163 Ar-

88 2189 359 2239 gumentum
392 2181 620 2226 scribendi
652 2181 849 2237 eligant,
874 2181 951 2236 qui
983 2188 1090 2224 sunt
1121 2180 1413 2236 designandi,
1439 2186 1489 2221 ut
1522 2178 1719 2234 aliquam

90 2241 228 2284 animi
246 2241 590 2298 propensionem
608 2242 829 2293 adferant,
850 2241 1076 2295 simulque
1094 2239 1284 2295 tempori
1302 2239 1518 2291 seruiant,
1540 2253 1590 2282 re
1614 2252 1719 2280 cum

91 2302 251 2344 eodem
274 2299 542 2357 prouintiale
570 2299 758 2356 eiusque
785 2299 1072 2351 consiliariis,
1098 2299 1134 2342 si
1164 2299 1359 2351 uidetur,
1391 2298 1568 2340 collata.
1595 2298 1719 2339 Idem

92 2359 222 2403 facile
245 2360 435 2412 curabit,
456 2367 506 2402 ut
522 2367 698 2404 secreto
717 2360 921 2403 laborent
938 2358 1177 2414 designati,
1198 2365 1364 2401 etcum
1382 2357 1480 2400 aliis
1497 2356 1543 2399 in
1562 2357 1718 2400 eadem

89 2419 318 2475 prouintia
341 2420 591 2471 conferant,
618 2433 756 2474 quum
780 2418 845 2461 sic
867 2433 938 2461 res
961 2416 1272 2474 postulauerit.

179 2478 474 2521 Existimabat
498 2480 551 2522 P.
577 2478 750 2521 Natalis
771 2478 896 2520 velut
918 2476 1160 2533 collegium
1185 2477 1279 2519 fore
1301 2474 1570 2530 scriptorum
1594 2473 1718 2528 ejus·

86 2537 278 2590 cemodi,
305 2537 396 2593 qui,
424 2552 513 2580 uno
541 2537 587 2579 in
614 2538 713 2580 loco
742 2543 1089 2588 commorantes,
1121 2542 1303 2578 mutuas
1325 2534 1410 2578 sibi
1432 2539 1717 2589 praestarent

84 2610 261 2652 operas,
283 2604 327 2639 et
350 2611 482 2640 suum
500 2596 678 2639 interim
698 2597 976 2652 praefectum
993 2596 1228 2639 haberent.
1251 2595 1422 2638 Verum
1441 2592 1565 2635 haud
1582 2591 1715 2634 video

85 2657 206 2700 unde
229 2655 291 2697 illi
313 2656 465 2712 colligi
487 2663 532 2699 et
554 2655 772 2711 conjungi
794 2655 983 2711 possint,
1009 2654 1087 2697 ubi
1111 2660 1236 2697 tanta
1257 2660 1326 2697 est
1348 2651 1595 2696 necessitas
1618 2651 1714 2693 col-

154 2791 162 2810 ¹
214 2792 272 2826 Ex
297 2793 549 2838 autographO,
579 2792 619 2827 in
644 2793 777 2838 Epist.
817 2791 989 2838 Canisii,
1015 2791 1065 2835 11,
1090 2789 1172 2835 278.
1200 2789 1300 2824 Vide
1326 2788 1455 2834 Epist.
1480 2787 1636 2831 Natal.,
1659 2786 1711 2829 ΙΙ,

84 2857 162 2894 195,
188 2849 273 2894 363,
297 2850 380 2895 636,
407 2856 482 2886 etc.
509 2852 593 2886 Hoc
624 2851 813 2898 epistolae
843 2850 1104 2896 fragmentum
1135 2848 1257 2884 edidit
1289 2848 1332 2882 P.
1361 2846 1501 2881 Michel
1532 2856 1713 2880 sermone

76 2908 220 2954 gallico
238 2908 277 2944 in
296 2921 412 2956 opere
430 2909 494 2945 cui
511 2910 660 2945 titulus:
690 2910 757 2946 Vie
786 2911 841 2945 du
868 2909 1134 2944 bienheureux
1162 2908 1306 2942 Pierre
1336 2904 1538 2949 canisius,
1565 2903 1633 2939 lib.
1662 2902 1714 2946 V,

83 2979 166 3014 cap.
189 2976 222 3012 5.
