2101 3348
742 248 764 285 7
792 240 993 286 JANUARn
1023 238 1113 284 1568
1630 237 1702 284 553

116 339 168 382 P.
196 339 252 383 V.
280 341 314 382 11
336 339 601 398 monsignor
628 342 637 362 ¹
663 344 688 384 e
712 341 951 393 beneuolo,
978 347 1022 385 et
1051 340 1258 385 desidera
1287 340 1617 397 grandemente
1648 340 1759 382 fun—

110 415 207 458 dar’
232 416 261 459 il
284 418 496 474 collegi03
524 434 596 461 ma
618 418 811 463 vedemo
834 417 1141 461 chiaramente
1163 419 1250 462 che
1284 432 1376 460 non
1406 418 1514 473 puo,
1541 424 1587 460 et
1622 417 1680 469 fa,
1706 417 1754 460 in

107 495 178 538 cio
200 496 283 537 che
307 495 365 547 fa,
392 494 469 550 pisi
492 495 537 537 di
561 496 711 550 quello
733 497 817 539 che
846 497 953 551 puo:
987 495 1042 538 ne
1075 496 1271 540 hauemo
1305 494 1457 537 animo
1491 494 1536 536 di
1570 494 1752 536 diman—

108 571 220 615 darli
243 570 335 628 pit1.
365 572 625 617 Solamente
653 572 714 614 mi
742 572 839 616 dise
867 572 912 615 di
945 579 1069 615 certo
1102 572 1268 628 (eredo)
1299 576 1422 614 motu
1448 572 1641 628 proprio
1674 571 1749 615 del

108 663 239 705 papa,
259 648 306 691 in
323 650 408 693 che
425 649 662 705 applicaua
679 649 743 706 gli
760 649 889 692 frutti
906 649 1011 692 delli
1030 649 1285 692 canonicati
1303 648 1489 702 litigiosi
1507 665 1533 692 a
1551 656 1713 704 questo
1727 656 1748 676 a

105 725 298 782 collegio
321 725 366 767 di
389 726 653 779 Camera<303
679 733 723 770 et
748 727 808 768 m’
834 727 894 769 ha
916 727 1022 769 dato
1045 726 1176 782 eopia
1198 725 1243 768 di
1262 726 1411 781 quella
1428 726 1648 780 clausula,
1668 741 1750 782 per

103 803 256 847 veder’
282 818 331 846 se
354 803 396 845 la
421 805 471 846 P.
501 805 556 846 V.
580 805 743 859 puotre'i
766 803 861 847 fare
884 804 1081 858 qualche
1102 804 1244 845 buon’
1269 802 1436 856 officim
1461 803 1586 846 aecio
1610 805 1695 847 che
1719 803 1751 846 il

102 880 297 935 collegio
326 879 447 935 possi
476 882 615 924 esser'
648 880 835 923 aiutato.
869 881 934 923 La
964 879 1097 935 eopia
1127 882 1227 922 sarii
1256 894 1341 922 con
1367 887 1542 935 questa.
1571 881 1605 922 Il
1628 888 1751 924 resto

102 956 220 999 della
242 956 375 999 visita
398 958 423 1000 ε
445 958 473 999 l’
496 955 739 1000 ordinario.
766 956 815 1002 Si
844 959 887 1000 fa
916 957 1055 999 molto
1085 958 1226 999 frutto
1259 957 1375 999 nelle
1400 957 1566 1011 anime,
1600 965 1646 1002 et
1669 973 1753 1000 an-

104 1025 214 1077 cora'
232 1034 349 1076 nelle
372 1035 545 1087 schole,
571 1032 617 1077 et
640 1048 752 1076 sono
774 1035 864 1078 ben
886 1033 1008 1087 visti,
1035 1040 1122 1077 etc.
1151 1034 1211 1077 Se
1234 1034 1346 1076 altra
1369 1048 1474 1077 cosa
1498 1034 1539 1077 ei
1562 1035 1661 1078 sarii
1693 1036 1752 1078 da

104 1110 332 1162 scriuersi‚
359 1111 403 1153 lo
425 1111 521 1154 faro
543 1125 622 1167 per
645 1111 774 1154 altra.
1395 1170 1400 1172 Π

194 1199 234 1240 7.
301 1188 347 1230 Io
371 1202 570 1243 pensaua
593 1194 782 1243 puotere
800 1186 969 1231 intrare
987 1187 1032 1229 in
1052 1188 1226 1229 Franza
1243 1178 1412 1242 presto,
1434 1196 1479 1230 et
1498 1191 1650 1230 tcmzeii
1668 1204 1749 1244 per

102 1262 262 1307 lettera
285 1264 478 1306 hauutta
500 1263 613 1308 hieri
631 1264 705 1306 dal
724 1265 777 1308 Ρ.
801 1263 1005 1308 Oliuerio
1025 1265 1038 1284 Ξ
1060 1265 1117 1306 ho
1135 1263 1456 1306 incominciato
1475 1280 1500 1307 a
1517 1265 1744 1308 dubitare.

101 1340 158 1382 Et
179 1339 338 1395 poiche
361 1341 403 1383 la
428 1342 478 1383 P.
507 1342 563 1383 V.
591 1340 628 1383 si
652 1342 869 1384 confirma
892 1340 938 1383 in
961 1341 1049 1394 Cio,
1076 1342 1148 1383 eh’
1176 1341 1220 1384 io
1243 1341 1364 1397 passi
1387 1341 1416 1383 l'
1438 1340 1644 1385 imberno
1663 1356 1746 1397 per

99 1416 145 1458 di
168 1430 273 1471 qua,
299 1431 441 1473 penso
464 1424 692 1474 aspettare
714 1418 907 1474 risposta
930 1433 1014 1461 sua
1036 1418 1080 1461 di
1105 1419 1255 1474 quello
1280 1420 1365 1462 che
1394 1420 1455 1461 ho
1486 1419 1543 1462 da
1576 1421 1670 1462 fare
1698 1419 1746 1462 in

103 1501 270 1538 euento
288 1495 375 1539 che
398 1509 490 1537 non
512 1495 550 1538 si
572 1495 694 1551 possi
717 1495 886 1539 intrare
908 1495 954 1538 in
986 1497 1021 1539 F
1025 1510 1176 1548 ranza,
1214 1510 1343 1540 corne
1378 1496 1416 1538 si
1448 1499 1539 1552 puo
1568 1498 1745 1541 creder'

98 1572 297 1614 secondo
315 1573 402 1616 ohe
425 1571 488 1614 lui
511 1572 676 1617 scriue.
704 1574 762 1615 Et
783 1573 861 1628 qui
884 1587 975 1615 non
999 1574 1139 1629 perdo
1164 1580 1316 1629 tempo
1339 1588 1425 1616 con
1449 1574 1491 1616 la
1509 1573 1655 1630 gratia
1673 1575 1746 1617 del

99 1647 311 1704 Signore‚
333 1650 499 1705 perche
522 1652 581 1691 m’
608 1664 783 1706 occupo
809 1657 929 1693 tutto
949 1650 979 1692 il
998 1650 1176 1706 giorno,
1198 1658 1243 1694 et
1260 1652 1320 1693 ho
1339 1664 1505 1694 ancora
1523 1658 1747 1706 occupato

99 1723 129 1766 il
153 1726 205 1768 P.
232 1725 468 1778 Ximenez,
494 1728 646 1782 quello
675 1729 762 1771 che
795 1731 901 1784 puo.
936 1728 1069 1771 Altro
1100 1743 1192 1771 non
1225 1742 1411 1771 oecorre
1443 1743 1522 1784 per
1556 1735 1736 1783 questa.

100 1802 217 1846 Nelli
240 1803 358 1846 santi
382 1804 588 1847 sacrificii
612 1812 657 1849 et
690 1805 884 1848 orationi
917 1806 1034 1850 della
1067 1807 1119 1848 P.
1158 1808 1215 1849 V.
1250 1805 1414 1848 chiedo
1443 1805 1747 1850 humilmente

99 1893 249 1923 essere
272 1882 622 1925 raeeornandato
644 1882 833 1927 insieme
856 1897 909 1925 eo
935 1884 966 1924 ’l
990 1885 1043 1926 P.
1070 1883 1309 1935 XimeneZ,
1343 1890 1388 1925 et
1417 1882 1668 1939 parimente
1696 1882 1745 1925 in

98 1957 234 2012 quelli
257 1958 362 2001 delli
385 1958 486 2002 Rdi.
513 1959 650 2002 Padri
672 1959 917 2013 assistenti,
944 1967 990 2004 et
1012 1961 1085 2003 del
1110 1962 1160 2003 P.
1203 1960 1418 2011 Polemo,
1457 1961 1509 2002 P.
1545 1959 1741 2012 Madrid,

98 2034 150 2076 P.
173 2034 505 2092 Ribadeneyra,
533 2038 587 2079 P.
614 2036 836 2092 Dionysio
860 2038 892 2089 ⁵,
929 2044 1016 2080 eto.
1050 2038 1282 2080 Dominus
1310 2038 1371 2079 sit
1400 2037 1646 2080 nobiscum.
1670 2038 1743 2080 Da

96 2110 360 2166 Cameraeo,
387 2113 461 2155 alli
486 2124 510 2167 7
534 2114 591 2158 de
614 2114 831 2157 Gennaro
860 2114 987 2169 1568.
1015 2116 1072 2158 D.
1103 2117 1155 2158 P.
1184 2116 1241 2158 V.
1268 2129 1403 2158 seruo
1427 2128 1483 2157 en
1507 2116 1612 2166 X.⁰,

1189 2198 1218 2255 †
1249 2199 1435 2242 NADAL.
1470 2197 1499 2255 ΔΓ

185 2344 430 2400 Inscriptio
455 2346 503 2388 in
528 2349 695 2402 quarta
710 2347 910 2404 pagina:
927 2349 1058 2405 Jhus.
1082 2348 1143 2390 Al
1165 2348 1306 2390 rnolto
1330 2347 1445 2390 Rdo.
1476 2347 1624 2390 Padre
1658 2361 1744 2389 no-

99 2425 192 2462 stro
220 2420 267 2463 in
300 2422 502 2475 Christo,
535 2422 565 2465 il
597 2425 649 2466 P.
682 2425 717 2466 F
721 2437 937 2467 rancesco
967 2424 1012 2467 di
1038 2424 1222 2481 Borgia,
1259 2424 1492 2481 preposito
1526 2424 1742 2480 generale

100 2496 216 2540 della
238 2498 526 2555 Compagnia
547 2500 604 2544 de
626 2500 788 2553 Giessi,
810 2508 898 2545 etc.
921 2502 1080 2545 Roma.
1102 2502 1211 2544 Alia
1228 2516 1387 2544 manu:
1406 2516 1450 2557 p.
1472 2517 1512 2545 e.
1535 2516 1595 2543 m.
1617 2502 1743 2543 Alia.-

98 2572 152 2616 C.
184 2575 309 2628 1568.
338 2576 580 2634 Cambray.
609 2580 655 2621 P.
683 2578 860 2622 Natale.
890 2590 914 2632 7
938 2578 983 2621 di
1006 2577 1186 2623 Genn.⁰
1218 2579 1475 2636 Vestigium
1499 2578 1665 2635 sigilli.

167 2715 188 2736 ²
226 2711 311 2746 Hoc
335 2713 446 2748 verb.
468 2725 584 2760 supra
603 2726 706 2750 vers.
727 2713 877 2750 addidit
896 2714 983 2750 libr'.

167 2834 175 2854 ¹
230 2836 514 2873 Maximilianus
532 2838 580 2874 de
600 2839 783 2875 Walhain
801 2839 986 2886 (Bergis).

167 2894 180 2913 2
232 2894 450 2942 Manareus,
469 2897 719 2943 provincialis
744 2898 946 2934 Franciae.
1316 2900 1329 2919 ³
1381 2899 1580 2945 Vazquez.
