2101 3348
820 242 865 279 28
895 244 1008 290 JUN11
1041 243 1130 290 1567
1679 247 1749 292 485

904 343 1030 385 486

597 415 643 452 S.
687 416 1018 454 FRANCISCUS
1058 418 1128 453 DE
1165 418 1337 466 BORJA

497 483 707 526 PATRI
740 484 1168 528 HIERONYMO
1202 486 1447 530 NADAL

695 568 856 602 ROMAE,
886 560 930 595 28
956 569 1064 604 JUNII
1094 561 1184 606 1567
1213 562 1241 597 ¹.

146 634 180 659 Ι.
202 624 262 660 De
281 624 437 659 ratione
454 624 652 660 scribendi
668 626 722 660 ad
735 625 1014 671 'praepositum
1029 627 1265 673 generalem
1291 630 1477 662 monetur
1495 627 1673 663 Natalis:
1699 628 1794 662 obli-

187 684 372 731 gationes
402 696 427 718 a
461 684 652 720 Societate
682 685 726 720 in
748 685 999 731 fundatione
1026 685 1290 732 collegiorum
1320 687 1700 732 suscipiendae—2.
1729 687 1791 723 De

193 743 336 789 Spirae
354 746 391 778 et
408 744 637 789 Herbilmlis
655 745 936 791 collegiis—3.
958 745 1154 780 Manareo
1171 746 1251 780 duo
1269 746 1365 780 socii
1385 746 1624 781 mittantur:
1650 747 1697 782 de
1725 758 1791 781 ar-

188 803 427 849 chiepiscopo
445 804 675 839 trevirensi:
694 805 741 839 de
761 804 1046 851 indulgentiis:
1057 804 1244 849 facultas
1272 805 1501 841 absolvendi
1528 806 1706 852 relapsos
1732 818 1789 842 re-

187 866 352 898 novata:
371 864 418 899 de
436 863 594 899 ratione
611 863 830 911 fundandi
853 863 1129 910 collegia—4.
1166 864 1292 898 Varia
1317 865 1371 899 ad
1396 865 1579 900 ordinem
1607 866 1789 901 domesti-

187 934 278 958 cum
291 923 642 969 pertinentia—5.
663 924 724 959 De
745 923 905 958 Simone
925 922 1132 958 leodiensi.-
1150 925 1195 958 de
1214 923 1391 959 Henrico
1409 924 1615 970 Dionysio.
1630 946 1651 949 ->
1669 926 1705 960 6.
1722 926 1788 960 An

187 983 364 1024 domum,
379 983 440 1018 vel
454 983 682 1030 collegium,
695 982 940 1028 Antverpiae
954 982 1192 1017 constituere
1208 982 1342 1029 magis
1355 983 1554 1029 expediat:
1567 985 1613 1019 de
1628 984 1786 1020 ratione

185 1042 356 1089 collegia
372 1043 708 1087 instituendi.—-7.
725 1043 786 1078 De
800 1042 953 1077 casibus
963 1041 1193 1093 reservatis:
1209 1043 1256 1077 de
1272 1043 1458 1078 Adriano
1474 1044 1782 1080 Adriaenssens.

237 1133 273 1163 Ι.
333 1123 464 1178 jhus.
501 1121 644 1164 Molto
672 1120 786 1164 Rdo.
819 1119 866 1162 in
897 1121 1013 1175 Xpo.
1049 1120 1212 1162 Padre.
1251 1121 1346 1163 Pax
1384 1120 1571 1177 Christi,
1606 1129 1694 1165 etc.
1729 1122 1780 1167 Si

140 1211 252 1240 sono
275 1197 480 1241 riceuute
502 1198 650 1252 quelle
671 1196 716 1239 di
740 1198 796 1240 V.
824 1198 892 1249 R,
918 1195 963 1238 di
982 1197 1036 1239 28
1061 1197 1106 1238 d’
1131 1196 1306 1252 Aprile,
1329 1198 1372 1250 6,
1395 1198 1559 1241 8·et>21
1586 1198 1631 1240 di
1649 1201 1783 1255 Mag-

139 1273 230 1329 gio,
257 1274 302 1316 di
327 1276 526 1318 Treuere
548 1280 594 1317 et
618 1274 831 1318 Bruselas
913 1288 1025 1316 sono
1054 1275 1199 1318 anche
1226 1274 1421 1318 riceuuti
1450 1274 1481 1316 li
1499 1275 1643 1318 scritti
1665 1277 1783 1320 della

139 1351 286 1405 visita,
312 1351 418 1395 nelli
442 1351 578 1407 quali,
605 1358 904 1406 quantunque
927 1350 964 1394 si
986 1351 1104 1395 uede
1126 1352 1168 1394 la
1196 1352 1336 1395 molta
1358 1352 1585 1408 diligenza
1608 1360 1654 1396 et
1676 1353 1782 1396 fati-

133 1430 219 1472 che
243 1428 287 1471 di
312 1430 369 1472 V.
396 1430 470 1481 R.,
503 1443 595 1471 non
628 1428 778 1472 uorrei
806 1427 1010 1484 pigliassi
1040 1435 1164 1472 tanta
1192 1444 1272 1484 per
1305 1429 1335 1471 l'
1359 1429 1559 1473 auenire.
1598 1431 1655 1472 Et
1687 1432 1781 1474 cosi

135 1506 252 1550 nelle
275 1520 380 1549 cose
402 1506 474 1549 del
497 1520 702 1562 gouerno
725 1512 770 1550 et
792 1506 849 1548 de
878 1505 1150 1561 particolari,
1176 1520 1268 1548 non
1290 1506 1508 1549 accadera
1536 1506 1596 1549 mi
1625 1507 1778 1550 mandi

134 1597 222 1638 qua
244 1583 373 1639 copia
394 1583 439 1626 di
462 1584 612 1638 quello
635 1585 720 1626 che
742 1584 801 1626 ha
830 1582 1053 1635 ordinato,
1080 1598 1129 1627 se
1151 1597 1243 1625 non
1266 1582 1295 1624 li
1318 1584 1488 1638 paressi
1520 1583 1776 1627 altrimente

133 1659 180 1702 in
202 1661 392 1716 qualche
415 1674 535 1703 caso.
564 1662 700 1704 Basta
722 1675 811 1716 que
834 1661 890 1703 V.
914 1661 967 1703 R.
989 1659 1167 1716 ritenga
1190 1674 1348 1715 apreso
1366 1659 1410 1702 di
1428 1674 1477 1703 se
1495 1661 1536 1702 la
1559 1661 1774 1704 memoria

132 1737 179 1780 di
201 1751 306 1781 cose
328 1737 477 1790 simili,
503 1752 529 1780 0
552 1752 662 1782 uero
684 1737 714 1780 il
737 1737 986 1793 prouincial
1009 1751 1036 1779 o
1058 1743 1198 1779 rettor
1220 1752 1246 1779 a
1263 1737 1335 1779 chi
1355 1744 1496 1780 tocca.
1519 1738 1649 1781 Delie
1667 1751 1773 1782 cose

133 1814 208 1870 piu
232 1814 477 1858 uniuersali
500 1822 545 1858 et
566 1799 827 1871 importanti
850 1814 912 1856 mi
935 1815 1064 1870 potra
1086 1815 1180 1857 dar’
1207 1813 1334 1857 auiso
1356 1813 1491 1856 etiam
1520 1813 1567 1856 in
1595 1814 1767 1857 scritto.

130 1891 167 1934 F
169 1905 267 1934 orse
290 1893 435 1936 anche
457 1891 494 1934 si
517 1892 732 1934 mandata
755 1891 832 1947 qui
855 1892 885 1933 l'
912 1891 1071 1935 ordine
1093 1892 1199 1933 dato
1229 1891 1570 1947 generalmente
1599 1890 1673 1933 alli
1701 1891 1772 1933 vi-

127 1967 314 2020 sitatori,
342 1982 470 2013 come
491 1971 527 2011 s’
554 1970 579 2012 6
602 1968 824 2025 aggionto
853 1969 926 2011 all’
954 1968 1111 2011 uffitio.
1139 1968 1200 2012 Se
1222 1967 1403 2010 intorno
1427 1968 1499 2010 alli
1528 1967 1672 2010 scritti
1695 1968 1772 2024 gia

123 2045 235 2088 detti
257 2048 493 2089 occorrera
516 2046 624 2090 dare
647 2045 773 2089 auiso
803 2046 982 2097 alcuno,
1009 2045 1046 2087 si
1070 2046 1193 2088 dara.
1219 2045 1306 2088 Del
1328 2045 1465 2087 modo
1488 2059 1515 2087 0
1547 2045 1694 2088 forma
1725 2045 1770 2088 di

124 2122 204 2164 far'
230 2123 423 2166 contrati
447 2122 523 2179 gia
547 2125 583 2166 s’
609 2124 634 2166 6
657 2123 815 2165 scritto
842 2125 916 2164 un’
943 2123 1056 2165 altra
1081 2122 1217 2164 uolta.
1244 2122 1304 2165 Se
1323 2122 1504 2177 quando
1522 2121 1558 2164 si
1583 2125 1770 2166 trattara

125 2198 239 2243 delle
261 2200 420 2244 lettere
441 2202 640 2244 humane
662 2207 707 2243 et
729 2199 1030 2256 philosophia,
1052 2199 1089 2241 si
1111 2199 1333 2242 ricercara
1350 2198 1521 2254 obligo,
1542 2206 1587 2242 et
1610 2202 1767 2254 parera

125 2276 372 2331 spediente,
394 2276 430 2319 si
448 2279 579 2333 potra
600 2279 711 2330 fare,
733 2278 773 2319 al
797 2278 932 2320 modo
955 2278 1039 2320 che
1062 2276 1108 2318 in
1127 2277 1314 2320 Cuenca
1336 2282 1382 2318 et
1403 2276 1474 2318 col
1496 2275 1695 2319 cardinal
1718 2275 1763 2318 di

127 2354 340 2409 Augusta
363 2353 399 2397 si
424 2355 537 2407 fece,
562 2369 589 2397 0
612 2369 721 2398 uero
744 2369 830 2398 con
860 2362 1017 2398 mutua
1042 2353 1336 2410 obligatione3
1363 2353 1540 2396 benche
1562 2353 1593 2395 il
1621 2352 1765 2409 primo

125 2431 258 2473 modo
281 2446 387 2487 pare
410 2431 485 2487 piu
509 2431 824 2475 conueniente.
852 2433 908 2474 Et
937 2431 1058 2474 circa
1085 2432 1127 2474 la
1156 2429 1361 2487 quantita
1384 2430 1489 2473 delli
1522 2429 1690 2482 lettori,
1726 2431 1762 2473 si

125 2509 251 2562 potra
273 2511 412 2552 tener'
434 2508 621 2564 rispetto
640 2509 725 2552 alla
743 2508 949 2565 quantita
966 2509 1083 2552 della
1100 2507 1380 2559 fundatione,
1407 2514 1452 2549 et
1469 2521 1658 2550 numero
1676 2509 1761 2550 che

121 2583 158 2625 si
194 2587 320 2640 potra
358 2592 630 2638 sustentare,
672 2587 869 2629 secondo
906 2585 935 2628 il
973 2585 1164 2641 disegno
1201 2584 1245 2626 di
1275 2590 1433 2627 nostro
1471 2585 1522 2626 P.
1557 2585 1754 2639 Laynez,

121 2662 364 2716 approbato
385 2677 465 2719 per
486 2663 528 2706 13
550 2663 909 2720 congregatione
932 2664 964 2716 ³3
989 2663 1166 2705 benche
1190 2662 1275 2704 alla
1296 2660 1455 2704 lettion
1479 2661 1535 2704 de
1559 2660 1650 2703 casi
1672 2662 1756 2703 che

187 2760 197 2780 ¹
248 2762 305 2796 Ex
323 2763 549 2809 archetypo,
574 2774 595 2798 a
619 2762 846 2799 Fernandez
871 2767 1042 2804 exarato,
1070 2767 1109 2797 et
1127 2761 1293 2807 Borgiae
1321 2771 1438 2795 manu
1453 2759 1692 2806 subscripto,
1714 2759 1753 2795 in

120 2817 217 2854 Cod.
242 2829 305 2866 34,
323 2821 468 2868 duplici
485 2821 567 2870 fol.,
588 2823 659 2857 206
681 2824 756 2867 (42,
777 2821 855 2867 43).
880 2821 980 2857 Vide
1005 2821 1124 2868 epist.
1148 2820 1231 2866 478,
1250 2818 1425 2865 480-482,
1444 2818 1586 2866 quibus
1606 2818 1669 2854 hic
1693 2830 1752 2854 re-

117 2877 346 2923 spondetur.

187 2938 201 2957 2
250 2937 331 2973 Has
349 2938 512 2983 litteras,
531 2949 571 2975 21
592 2939 684 2987 Maji
701 2939 828 2986 datas,
846 2939 983 2976 nullibi
1003 2940 1191 2974 hactenus
1210 2937 1382 2984 reperire
1408 2936 1522 2972 nobis
1541 2936 1668 2972 licuit.

190 2995 204 3015 ⁵
253 2996 352 3032 Vide
370 2999 605 3034 [nstitutum
626 3000 833 3035 Societatis
846 3000 964 3046 jesu,
989 3004 1016 3035 t.
1044 2999 1093 3041 ΙΙ,
1120 3009 1241 3045 pagg.
1271 3006 1354 3042 214,
1381 3001 1420 3032 et
1446 2995 1528 3040 5363
1555 3000 1594 3030 et
1619 2999 1749 3030 nostra

122 3053 379 3091 Monumenta
392 3059 685 3106 paedagogica,
703 3070 796 3106 pag.
820 3069 884 3104 49.
