2141 3358
656 231 910 266 PROOEMIUM
938 239 1075 267 TERTII
1102 239 1331 268 VOLUMINIS
1680 240 1764 267 XXV

174 341 263 377 tur.
291 334 389 377 Hos
415 339 485 376 «et
506 332 618 376 alios
646 332 692 375 id
721 347 869 389 genus
898 346 1066 375 naevos
1090 331 1135 375 in
1164 332 1240 376 tali
1270 334 1404 378 Patre
1431 332 1806 377 dissimulandos»

170 417 389 460 censebat
417 414 641 467 Canisius,
676 414 960 459 Mercuriano
992 415 1047 457 26
1069 414 1193 472 Junii
1228 426 1336 470 1575
1371 416 1592 460 scribens.
1627 418 1810 461 Mercu—

177 500 328 542 rianus
356 499 463 543 item
491 498 703 550 Hoffaeo,
729 497 986 554 provinciae
1005 499 1292 550 moderatori,
1316 499 1395 555 qui
1418 507 1540 545 certe
1557 507 1603 543 et
1626 499 1810 544 Canisio

172 590 220 626 et
254 583 351 626 aliis
380 581 580 638 egregiis
608 581 715 637 viris
734 577 883 624 *nimis
911 596 1021 637 erga
1049 581 1247 637 seipsum
1277 590 1322 627 et
1351 598 1462 640 erga
1490 584 1601 627 alios
1635 583 1811 641 rigidus

173 666 427 718 videbatur,
453 667 564 709 haec
586 664 702 708 inter
724 664 810 708 alia
831 664 888 708 de
906 664 1057 707 Natali
1074 665 1268 721 scripsit:
1298 667 1498 711 «Omnes
1517 682 1625 712 uero
1649 669 1811 711 fratres

171 756 365 802 nostros,
386 763 466 805 pro
483 763 566 791 sua
581 747 627 790 in
646 748 951 792 uenerandam
975 729 1095 790 illam
1114 748 1325 793 canitiem
1348 751 1651 803 obseruantia,
1674 749 1808 806 aequi

168 831 364 887 bonique
387 832 674 875 consulturos
703 831 852 887 siquid
880 831 1108 875 interdurn
1131 833 1265 888 paulo
1287 832 1473 877 liberius
1503 835 1560 876 ab
1589 834 1686 890 ipso
1708 834 1807 879 fieri

166 914 491 971 perspexerint.
512 917 605 959 T.m
621 917 713 959 R.m
728 914 892 957 iterum
912 921 1047 971 atque
1066 915 1230 960 iterum
1245 917 1425 972 postulo
1442 918 1615 960 bonum
1631 933 1803 970 senem,

164 997 331 1053 quibus
349 998 528 1054 poterit,
554 998 715 1041 studiis
733 998 982 1054 officiisque
1004 999 1216 1054 prosequi
1239 1014 1329 1042 non
1349 999 1648 1056 fatigetur...»
1671 1002 1803 1057 (824).

196 1061 198 1064 r
258 1081 478 1134 Tandem,
503 1082 683 1138 expleto
699 1082 794 1137 jam
817 1082 931 1125 libro
960 1082 1306 1126 meditationum
1338 1082 1458 1127 vitae
1490 1083 1660 1127 Christi
1690 1084 1804 1128 ima-

172 1163 355 1220 ginibus
377 1173 612 1217 exornatO,
639 1165 891 1209 emendatis
915 1165 1114 1221 scholiis,
1135 1165 1512 1210 instructionibus
1530 1174 1575 1211 et
1593 1167 1807 1211 observa-

174 1246 370 1291 tionibus
402 1247 729 1304 spiritualibus,
766 1248 926 1292 aetatis
960 1264 1078 1292 anno
1110 1236 1464 1306 septuagesimo,
1500 1250 1733 1293 laboribus
1764 1258 1809 1294 et

170 1330 534 1387 aegritudinibus
556 1332 832 1385 debilitatus,
857 1332 1133 1377 Germaniae
1162 1333 1331 1389 frigora
1358 1333 1531 1386 timere,
1556 1340 1602 1377 et
1630 1334 1807 1378 caelum

168 1414 320 1458 Italiae
343 1414 546 1470 cogitare
569 1415 733 1472 coepit,
755 1417 877 1471 quod
900 1416 1081 1471 quidem
1100 1416 1141 1461 ei
1163 1416 1389 1460 salubrius
1409 1417 1613 1460 futurum
1636 1417 1801 1460 medici

169 1505 447 1542 censuerunt
469 1500 602 1557 (731).
630 1501 758 1545 Haec
782 1500 931 1543 omnia
952 1499 1209 1557 praeposito
1233 1500 1435 1557 generali
1456 1500 1680 1557 exposuit,
1707 1500 1801 1557 qui,

168 1583 291 1625 nulla
313 1597 439 1626 mora
461 1582 743 1639 interposita,
770 1583 919 1627 Natali
937 1583 1131 1640 scripsit,
1157 1591 1207 1627 ut
1230 1584 1463 1638 Venetias,
1490 1585 1562 1629 vel
1585 1584 1805 1629 Mediola-

168 1680 294 1720 num,
319 1673 398 1710 aut
421 1667 609 1710 Romam
632 1681 681 1711 se
703 1669 946 1719 conferret,
973 1667 1109 1723 idque
1133 1668 1441 1725 gratissimum
1465 1668 1549 1711 sibi
1579 1669 1673 1712 fore
1702 1682 1805 1712 sae-

170 1749 287 1805 pius,
311 1757 356 1793 et
374 1750 525 1795 verbis
539 1765 691 1794 amore
709 1751 870 1807 plenis,
892 1751 933 1796 ei
951 1751 1228 1809 significavit
1246 1753 1363 1810 (736,
1387 1764 1488 1807 744,
1509 1752 1626 1808 747).
1644 1752 1804 1808 Igitur,

166 1840 366 1877 exeunte
388 1848 542 1878 mense
566 1835 800 1891 Augusto,
825 1850 944 1878 anno
979 1847 1107 1890 1577,
1140 1836 1312 1879 Italiam
1340 1836 1484 1892 petiit,
1510 1843 1556 1879 et
1589 1834 1808 1880 Venetias

171 1917 375 1973 pervenit
404 1930 453 1972 13
477 1918 760 1974 Septembris
784 1920 901 1975 (748,
929 1919 1046 1977 749).
1069 1919 1276 1964 Venetiis
1294 1919 1558 1963 immoratus
1575 1926 1644 1962 est
1664 1932 1808 1975 usque

168 2001 225 2043 ad
260 2016 342 2045 ver
370 2000 477 2044 anni
510 2002 638 2056 1578,
673 2016 763 2057 quo
794 2004 976 2047 tandem
1006 2004 1195 2047 Romam
1224 2017 1449 2056 reversus,
1475 2003 1658 2046 ultimos
1686 2003 1808 2047 vitae

167 2099 277 2128 suae
300 2099 443 2128 annos
465 2084 512 2127 in
534 2085 669 2128 domo
692 2086 972 2142 probationis
994 2086 1139 2130 sancti
1157 2088 1372 2132 Andreae
1394 2087 1632 2144 transegit,
1658 2086 1808 2130 miris-

169 2183 257 2225 que
279 2169 578 2222 obedientiae,
605 2170 906 2224 demissionis,
933 2171 1227 2227 omniumque
1249 2171 1469 2215 virtutum
1491 2171 1709 2228 exemplis
1726 2187 1807 2214 no-

168 2253 289 2296 vitiis
330 2253 496 2298 ibidem
535 2255 924 2298 commorantibus
962 2255 1215 2312 praefulsit,
1255 2256 1402 2300 donec
1438 2255 1632 2299 vinculis
1669 2256 1807 2311 hujus

169 2336 456 2381 mortalitatis
478 2338 670 2392 solutus,
695 2338 767 2382 die
793 2352 816 2394 3
841 2339 1010 2396 Aprilis
1033 2338 1139 2383 anni
1168 2340 1294 2394 1580,
1321 2340 1377 2383 ad
1399 2354 1588 2396 superos
1611 2339 1808 2383 evolavit

169 2420 435 2477 (7512852l

259 2505 410 2561 Hujus
433 2505 608 2562 egregii
630 2506 714 2549 viri
736 2513 867 2563 gesta
890 2514 934 2551 et
956 2507 1149 2552 virtutes
1172 2507 1360 2551 summis
1388 2507 1599 2550 laudibus
1629 2507 1807 2551 extule-

169 2594 274 2631 runt
312 2589 568 2645 complures
597 2590 838 2635 sanctitate
866 2597 911 2634 et
938 2590 1127 2635 scientia
1155 2590 1391 2648 conspicui
1418 2590 1519 2643 viri,
1555 2590 1601 2633 in
1639 2589 1805 2646 quibus

164 2670 387 2728 singulari
415 2671 644 2718 mentione
676 2673 806 2731 digni
833 2689 1019 2731 prorsus
1048 2675 1205 2719 haberi
1232 2676 1400 2718 debent
1433 2677 1485 2719 Β.
1518 2674 1724 2731 Ignatius
1751 2673 1808 2715 de

165 2754 383 2799 Acevedo
401 2761 446 2800 et
463 2755 774 2801 Gundisalvus
792 2758 849 2802 de
866 2757 1074 2811 Silveira,
1086 2758 1164 2813 qui
1181 2758 1451 2801 catholicam
1470 2757 1605 2801 fidem
1623 2754 1805 2813 proprio

163 2837 390 2893 sanguine
431 2839 768 2883 confirmarunt
810 2842 1078 2898 (828-830),
1117 2841 1432 2886 Gundisalvus
1461 2842 1574 2894 Vaz,
1607 2839 1804 2882 Michael

166 2919 225 2962 de
249 2920 430 2965 Bairros
467 2922 588 2979 (827,
629 2923 732 2977 828,
773 2925 891 2980 830),
939 2925 987 2969 S.
1034 2924 1305 2968 Franciscus
1344 2923 1513 2980 Borgia
1535 2924 1638 2980 (754
1674 2922 1798 2977 etc.),

172 3003 224 3045 Β.
267 3005 431 3047 Petrus
468 2990 680 3050 Canisius
717 3007 836 3064 (762,
878 3009 981 3062 776,
1023 3008 1146 3063 etc.),
1189 3007 1422 3051 Emericus
1456 3006 1635 3050 Forsler
1666 3004 1801 3062 (780),
