2101 3348
396 238 466 280 752
975 233 1113 267 Emsr.
1142 232 1185 266 Ρ.
1217 232 1367 267 NADAL

348 337 452 379 nale
476 334 675 386 Amulio,
703 334 731 375 il
756 334 860 390 qual
883 347 975 375 non
997 332 1146 376 scriue
1168 332 1322 375 niente
1346 333 1430 375 che
1448 332 1490 374 io
1513 330 1638 383 uadi,
1664 344 1792 373 como
1824 328 1984 385 prima,

348 411 375 438 a
398 393 555 436 uisitar
578 393 725 447 questi
749 392 908 449 prelati
930 393 976 434 di
1000 393 1268 448 Alemagna.
1299 393 1442 447 Spero
1463 392 1547 434 che
1569 389 1632 433 lui
1646 389 1681 432 si
1700 388 1980 439 contentaril,

350 469 430 509 per
452 454 494 496 le
522 452 731 508 raggioni
761 452 864 495 miei
893 468 919 495 a
946 452 1010 493 lui
1038 451 1192 495 scritte
1214 452 1257 493 d’
1283 452 1492 506 Ispruch,
1518 457 1561 493 et
1591 455 1750 504 questo
1779 449 1878 490 sara
1906 446 1983 502 piu

348 512 612 568 espediente
635 526 770 554 senza
791 511 929 554 dubio
951 525 1030 566 per
1053 510 1261 567 maggior
1283 511 1399 553 bene
1428 509 1473 551 di
1495 516 1649 551 nostra
1671 506 1970 562 Compagnia.

350 574 406 615 Et
429 572 592 627 perche
615 571 644 612 il
670 573 720 613 Ρ.
748 573 804 613 D.
832 572 966 614 Natal
988 570 1170 626 giudica
1193 569 1358 625 meglio
1380 571 1480 611 sara
1501 570 1586 612 che
1607 568 1650 609 io
1672 580 1764 608 non
1785 566 1933 608 scriua
1955 579 1981 607 a

348 630 497 686 questi
521 630 679 686 prelati
702 630 746 672 di
771 632 927 681 Roma,
954 645 1096 685 penso
1119 629 1161 671 io
1184 629 1228 671 di
1251 629 1362 671 farlo
1385 629 1523 670 molto
1546 624 1798 670 uolontieri.

441 691 618 733 Adesso
650 690 776 733 detto
810 691 862 732 P.
890 690 1023 732 Natal
1052 695 1120 731 sta
1149 687 1426 744 negotiando
1457 701 1534 742 per
1566 686 1750 729 mandas
1778 690 1928 739 presto
1957 697 1981 724 a

351 750 507 792 Parise
531 751 592 792 M.
620 749 840 792 Giacomo
863 748 1133 792 Valentiano
1156 749 1227 790 col
1248 750 1305 790 D.
1334 749 1560 790 Thomaso
1583 745 1769 801 anglese
1791 750 1836 786 et
1853 743 1984 784 Wal-

351 817 448 852 tero
473 809 647 851 fratello
669 809 741 851 del
766 810 815 851 P.
844 808 1099 850 Edmundo.

520 869 705 922 Quanto
728 868 813 910 alle
837 867 1010 923 fatighe
1040 872 1219 922 passate
1247 866 1318 907 del
1350 865 1497 908 Padre
1520 863 1726 906 visitator
1754 861 1800 903 in
1829 867 1987 915 questa

350 926 598 982 prouincia,
625 941 737 969 sono
760 934 876 969 state
899 927 1072 982 grande
1095 932 1140 970 et
1163 927 1386 967 fruttuose
1409 924 1453 967 in
1477 922 1602 966 molti
1625 921 1759 964 modi.
1788 921 1848 964 Se
1871 920 1987 963 uede

344 986 658 1029 chiaramente
681 989 765 1030 che
787 987 830 1028 la
853 986 1088 1041 prouincia
1110 984 1274 1028 habbia
1296 983 1411 1027 assai
1430 983 1572 1039 patito
1589 996 1667 1037 per
1690 980 1840 1037 quello
1858 993 1985 1020 man-

348 1053 576 1098 camento,
598 1048 682 1089 che
700 1047 757 1088 ne
774 1045 833 1097 io,
849 1046 904 1089 ne
919 1045 1006 1088 mio
1020 1045 1214 1096 fratello,
1230 1044 1422 1087 essendo
1439 1041 1730 1099 prouinciale,
1745 1046 1986 1095 poteuamo

351 1106 520 1149 andare
542 1105 723 1147 intorno
748 1120 825 1159 per
848 1105 1005 1147 uisitar
1027 1119 1183 1160 spesso
1204 1103 1233 1145 li
1259 1103 1443 1154 fratelli,
1469 1101 1661 1146 essendo
1684 1114 1776 1141 uno
1800 1097 1985 1152 alligato

352 1165 439 1207 alla
461 1166 642 1208 catedra
665 1164 709 1206 di
733 1166 963 1220 Augusta,
989 1171 1033 1207 et
1055 1165 1083 1205 l'
1110 1165 1223 1206 altro
1246 1163 1287 1206 al
1315 1161 1507 1218 collegio
1535 1168 1580 1204 et
1609 1165 1824 1202 rettorato
1852 1156 1985 1198 dilin-

353 1239 505 1280 gense.
540 1225 675 1268 Onde
703 1223 734 1266 il
764 1225 909 1266 Padre
937 1223 1170 1266 visitatore
1206 1237 1344 1278 pensa
1374 1221 1419 1263 in
1454 1220 1563 1276 ogni
1590 1220 1724 1261 modo
1752 1218 1796 1260 di
1826 1217 1890 1259 far
1923 1230 1987 1258 un

352 1283 602 1338 prouincial
625 1283 781 1334 libero,
808 1290 852 1327 et
875 1290 1074 1325 monstra
1096 1283 1227 1338 segni
1256 1281 1301 1324 di
1333 1282 1458 1324 uoler
1487 1280 1754 1322 confirmare
1777 1279 1838 1320 Μ.
1866 1276 1987 1319 Her-

352 1351 472 1386 mete
504 1345 508 1363 ¹
537 1358 615 1398 per
646 1343 926 1397 predicatore
957 1342 1002 1384 di
1031 1343 1262 1398 Augusta,
1289 1356 1338 1384 se
1366 1340 1402 1382 si
1426 1342 1605 1395 portara
1622 1339 1738 1381 bene
1766 1336 1810 1378 in
1839 1334 1988 1389 questi

352 1402 481 1453 mesi,
507 1403 625 1444 doue
647 1402 709 1444 lui
733 1402 914 1458 predica
952 1416 1037 1444 con
1066 1400 1364 1444 satisfattione
1394 1400 1516 1455 degl’
1542 1396 1755 1447 auditori,
1782 1395 1826 1437 di
1849 1394 1984 1436 modo

351 1463 438 1504 che
462 1461 505 1503 io
528 1462 719 1503 tornassi
745 1463 818 1503 all'
845 1461 984 1504 offitio
1007 1461 1080 1503 del
1097 1459 1389 1516 prouinciale,
1411 1466 1454 1503 et
1473 1465 1631 1513 questo
1650 1457 1853 1498 almarico
1870 1452 1989 1495 insin

354 1523 440 1564 che
462 1520 524 1562 lui
550 1521 742 1563 tornassi
765 1522 808 1562 d'
836 1520 1037 1563 Austria.

524 1582 617 1622 Pur
640 1594 771 1635 sopra
794 1587 956 1634 questo
981 1578 1165 1635 negotio
1188 1578 1296 1620 uuol
1324 1591 1488 1619 ancora
1515 1576 1545 1617 il
1575 1578 1627 1618 P.
1654 1574 1788 1617 Natal
1817 1572 1989 1627 parlare

352 1640 424 1682 col
453 1641 581 1682 Rmo.
609 1639 858 1691 cardinale,
885 1639 1008 1682 accio
1040 1637 1101 1681 lui
1131 1652 1179 1681 se
1209 1635 1411 1679 contenti
1440 1636 1557 1679 della
1585 1633 1839 1676 mutatione
1866 1631 1987 1674 dello

354 1698 636 1754 predicatore
665 1699 711 1741 in
741 1700 1005 1753 Augusta...
1032 1698 1119 1741 Del
1149 1703 1267 1740 resto
1295 1695 1493 1738 scriuera
1522 1695 1553 1736 il
1583 1694 1727 1736 Padre
1755 1690 1987 1735 visitatore

351 1773 433 1814 per
454 1759 497 1800 13
519 1758 660 1814 prima
688 1758 916 1801 comodita
944 1758 1021 1814 piu
1049 1757 1371 1808 difusamente,
1397 1755 1497 1798 anzi
1524 1754 1683 1797 adesso
1714 1751 1876 1795 manda
1905 1764 1984 1792 an·

351 1832 457 1860 cora
480 1818 521 1860 le
539 1831 674 1860 sue...

1133 1930 1216 1971 XII

959 2017 1229 2054 ANTONIUS
1256 2016 1390 2052 BRUS

684 2110 889 2149 JOANNI
929 2109 1241 2138 FRANCISCO
1279 2106 1666 2138 COMMENDONO

874 2187 1067 2240 Pragae,
1100 2196 1149 2237 17
1173 2183 1281 2241 Julii
1311 2183 1421 2237 1566
1443 2183 1475 2225 ‘·’.

675 2273 733 2308 De
752 2274 926 2319 quodam
946 2273 1188 2308 monasterio
1209 2272 1397 2308 Societati
1415 2270 1672 2317 applicando.

526 2349 627 2392 Ill.iS
648 2352 793 2393 Dnus.
822 2366 845 2393 a
869 2350 999 2393 Rosis
1021 2351 1120 2392 uult
1142 2349 1462 2393 monasterium
1492 2348 1719 2403 quoddam
1748 2345 1793 2387 in
1815 2359 1897 2386 sua
1919 2342 1987 2385 di-

361 2408 498 2461 tione,
520 2409 688 2452 ordinis
710 2410 1031 2452 canonicorum
1054 2409 1347 2465 regularium,
1374 2409 1494 2463 quod
1512 2407 1695 2449 Vnicum
1715 2411 1888 2448 tantum
1906 2404 1987 2445 ha-

361 2470 437 2511 bet
460 2469 567 2510 satis
590 2468 858 2512 insolentem
883 2477 928 2512 et
950 2469 1218 2511 dissolutum
1239 2469 1418 2510 fratrem
1437 2469 1468 2519 ³,
1496 2467 1695 2517 tradere,
1721 2479 1823 2507 curn
1842 2462 1963 2505 omni
1983 2487 1986 2490 -

359 2529 446 2569 bus
469 2528 776 2582 proventibus,
804 2527 880 2582 qui
903 2543 1038 2583 supra
1067 2528 1186 2570 mille
1210 2529 1373 2571 taleros
1395 2527 1661 2576 ascendunt,
1699 2522 1910 2566 Patribus
1931 2521 1989 2564 de

357 2586 588 2631 Societate
604 2589 727 2643 Jesv.
755 2587 923 2642 Scripsi
947 2589 1030 2629 hac
1052 2588 1107 2629 de
1136 2602 1183 2630 re
1213 2601 1356 2642 nuper
1385 2600 1540 2628 eorum
1570 2582 1824 2639 praeposito
1847 2594 1991 2637 gene-

435 2723 443 2742 ¹
497 2723 720 2769 Halpawer.

432 2785 446 2804 ²
497 2783 555 2817 Ex
575 2783 832 2828 autographo,
853 2781 892 2817 in
911 2781 995 2817 cod.
1016 2781 1142 2816 vatic.
1169 2781 1318 2816 Lettere
1341 2781 1388 2815 de
1409 2779 1609 2826 principii
1623 2806 1632 2824 ,
1652 2787 1711 2822 27,
1730 2777 1796 2812 fol.
1820 2775 1900 2811 131.
1920 2776 1990 2810 Ex-

359 2847 494 2887 cerpta
509 2853 556 2876 ex
573 2842 738 2887 epistola
753 2841 850 2876 R.111i
867 2840 1027 2876 Antonii
1042 2841 1139 2874 Brus
1154 2840 1218 2884 (de
1234 2840 1425 2884 Muglitz)‚
1436 2837 1713 2884 archiepiscopi
1730 2834 1933 2882 pragensis
1947 2833 1996 2868 ad

356 2901 597 2936 cardinalem
618 2901 969 2949 Commendonum‚
994 2900 1058 2934 die
1080 2907 1121 2943 17
1149 2899 1242 2945 Julii
1274 2898 1363 2933 anni
1386 2898 1490 2944 1566,
1509 2898 1616 2933 data.
1640 2896 1739 2931 Vide
1759 2895 1877 2942 epist.
1908 2892 1991 2938 432,

358 2972 431 2995 nn.
453 2970 475 3005 4
494 2966 534 2995 et
551 2961 587 3004 63
610 2965 649 2995 et
667 2960 752 3006 437,
773 2973 838 2996 nn.
859 2960 880 2995 8
900 2966 939 2994 et
957 2970 992 3004 9.

434 3020 448 3040 ⁵
498 3020 558 3055 De
575 3021 648 3055 hoe
666 3021 808 3055 abbate
826 3020 935 3067 plura
952 3019 1145 3054 habentur
1164 3029 1292 3065 supra,
1312 3027 1399 3063 pag.
1421 3015 1504 3062 239,
1524 3019 1712 3051 annot.11.

2084 0 2101 86 ,rma-..21
