2101 3348
840 231 884 268 29
912 221 1011 266 MAJl
1041 221 1130 267 1566
1677 216 1743 266 153

167 323 203 368 F
207 322 533 366 amiliarissime
554 330 786 381 praeterea
809 331 1001 381 egerunt
1024 323 1248 381 principes
1276 324 1495 367 electores
1517 337 1620 366 cum
1641 322 1784 365 Illmo.

167 400 337 456 legato.
362 402 518 456 Itaque
541 401 719 445 uidetur
737 402 876 457 janua
898 417 997 446 esse
1026 408 1180 458 aperta
1202 402 1259 445 ad
1283 416 1498 458 magnum
1522 402 1719 443 fructum
1741 398 1787 442 in

168 477 411 521 Germania
426 478 763 534 percipiendum
785 495 840 524 ex
863 479 1109 531 catholicis,
1134 479 1179 521 in
1203 479 1402 532 Christo;
1429 479 1577 530 modo,
1603 484 1653 520 ut
1681 491 1786 520 coe-

167 560 294 611 ptum
316 561 385 599 est
405 555 495 612 agi,
520 570 686 613 magna
713 566 816 598 cum
840 555 1058 600 charitate
1079 563 1124 600 et
1145 556 1466 608 moderatione,
1492 570 1659 612 magna
1686 554 1786 598 ani—

166 646 339 675 morum
360 632 619 689 integritate
641 623 775 688 atque
798 633 1032 687 industria,
1054 633 1115 676 ita
1130 640 1290 689 pergat
1312 632 1621 676 sanctissimus
1638 631 1784 675 domi-

163 723 250 752 nus
271 716 424 752 noster
445 724 580 766 agere
601 725 680 766 per
704 725 808 753 suos
835 710 1012 766 legatos
1033 717 1077 753 et
1107 710 1304 753 nuntios.
1337 711 1427 754 Sed
1455 711 1511 754 de
1538 710 1607 753 his
1629 710 1781 762 rebus,

160 786 372 844 proximis
394 786 568 840 litteris,
594 788 692 831 Deo
714 787 847 841 duce,
874 788 1018 831 fusius
1040 794 1085 830 et
1102 786 1351 831 dissertius.

248 878 288 920 3.
355 864 617 908 Publicatus
639 879 729 908 non
753 872 821 909 est
849 866 998 909 adhuc
1026 880 1246 918 recessus,
1278 866 1397 921 quod
1424 866 1501 908 fiet
1526 872 1675 908 tamen
1697 867 1782 907 hoc

156 942 293 986 biduo
315 943 389 986 uel
411 943 573 985 triduo.
599 943 918 987 Discesserunt
938 944 1028 987 fere
1050 943 1137 986 iam
1161 942 1384 1000 principes
1407 958 1578 987 omnes.
1605 942 1783 986 Disces-

156 1020 213 1064 sit
233 1020 328 1065 heri
350 1035 480 1064 mane
502 1020 732 1077 Dilingam
756 1023 911 1065 Rmus.
939 1021 1179 1064 cardinalis
1202 1028 1486 1077 augustanus
1518 1022 1545 1063 ¹.
1575 1019 1779 1076 Vesperi,

156 1097 202 1141 in
216 1098 427 1155 oppidum
445 1099 670 1155 quoddam
689 1098 907 1152 eiusdem,
928 1099 1091 1142 Illmus.
1113 1099 1306 1155 legatus.
1328 1099 1405 1142 Ille
1428 1097 1711 1154 tempestiue,
1733 1104 1783 1139 ut

156 1183 283 1233 paret
313 1176 556 1232 hospitium
594 1175 871 1233 principibus
907 1176 1200 1229 electoribus,
1227 1176 1496 1237 mogunti-no
1517 1176 1550 1228 ⁴²,
1575 1183 1620 1219 et
1643 1174 1782 1217 treui-

156 1254 275 1297 rensi
299 1256 330 1309 ³,
358 1261 451 1297 tum
470 1255 610 1297 Illmo.
637 1255 790 1311 legato
813 1261 859 1298 et
882 1254 1219 1311 archiepiscopo
1238 1253 1584 1298 cameracensi&
1611 1254 1778 1296 Illmus.

154 1338 302 1375 tamen
325 1332 518 1388 legatus,
544 1331 718 1387 aliquot
739 1332 915 1385 diebus,
942 1332 987 1375 in
1010 1347 1092 1375 suo
1111 1332 1294 1389 oppido,
1314 1331 1438 1375 dabit
1455 1346 1634 1388 operam
1659 1331 1783 1373 vale-

153 1409 295 1452 tudini
318 1409 558 1462 curandae,
581 1424 670 1465 qua
687 1409 830 1452 utitur
852 1409 994 1462 tenui,
1016 1425 1107 1452 non
1124 1409 1313 1452 dubium
1331 1410 1441 1465 quin
1457 1416 1637 1466 propter
1654 1409 1781 1451 labo-

150 1501 220 1531 res
242 1486 520 1539 immodicos,
546 1501 660 1543 quos
684 1487 927 1544 insumpsit
950 1488 995 1530 in
1017 1488 1299 1544 grauissimis
1321 1487 1533 1544 negotiis,
1555 1501 1671 1543 quae
1689 1493 1780 1530 tra-

150 1564 291 1608 ctauit
312 1565 356 1607 in
380 1565 449 1607 his
474 1565 684 1621 comitijs.

238 1654 281 1696 4.
346 1643 550 1699 Accepta
573 1643 789 1688 facultate
817 1644 873 1687 ab
901 1644 1042 1687 Illmo.
1065 1645 1234 1701 legato,
1257 1646 1310 1688 P.
1343 1644 1553 1688 Canisius
1575 1644 1781 1688 discessit

151 1719 283 1763 hodie
322 1720 647 1776 Oenipontum,
694 1722 751 1764 ad
787 1721 1022 1778 negotium
1057 1722 1168 1765 illud
1206 1722 1552 1780 expediendum,
1593 1724 1649 1767 de
1691 1738 1780 1778 quo

152 1796 307 1853 scripsi
331 1799 383 1840 Ρ.
410 1799 466 1841 V.
491 1791 747 1854 praeteritis
770 1800 946 1844 litteris.
974 1801 1074 1857 Ego
1096 1801 1290 1843 crastina
1313 1801 1387 1845 die
1423 1800 1650 1845 discedam
1680 1803 1780 1844 Mo-

152 1874 378 1928 nachium,
404 1875 587 1919 Christo
609 1876 740 1920 duce.
769 1878 822 1920 P.
864 1878 1130 1922 Ledesimus
1154 1880 1168 1900 ⁵
1191 1887 1293 1935 post
1321 1880 1434 1922 duas
1455 1880 1776 1932 hebdomadas,

149 1965 251 1994 cum
276 1953 327 1995 Ρ.
355 1954 546 2009 Vanega
568 1955 601 2008 ⁶,
627 1954 703 2012 [et]
728 1969 830 1998 cum
855 1956 996 1999 Illmo.
1018 1957 1170 2013 legato
1193 1957 1274 2000 ibit
1296 1956 1342 2000 in
1364 1957 1535 2000 Italiam
1562 1965 1598 2000 ².

235 2039 274 2084 5.
341 2031 394 2073 El
418 2032 470 2074 Ρ.
502 2030 723 2075 Ximenez
754 2040 823 2076 sta
845 2033 1001 2087 meior;
1027 2049 1124 2077 mas
1154 2035 1271 2078 anda
1299 2036 1354 2079 de
1379 2036 1439 2078 tal
1467 2050 1664 2089 manera,
1690 2050 1778 2092 que

145 2122 203 2150 no
220 2122 292 2152 me
313 2110 463 2151 confio
481 2123 552 2152 me
570 2110 719 2165 pueda
737 2113 903 2154 mucho
921 2111 1095 2168 aiudar3
1116 2112 1247 2168 quiea
1265 2116 1454 2169 pensare
1472 2114 1529 2158 de
1547 2113 1775 2167 embiarle,

145 2184 182 2228 si
204 2200 262 2228 no
284 2201 356 2230 me
377 2200 531 2231 cresce
553 2191 649 2230 mas
671 2188 713 2231 la
735 2203 954 2245 speranca
977 2190 1034 2234 de
1056 2205 1109 2234 su
1134 2191 1516 2235 conualescentia.
1550 2192 1603 2234 El
1633 2193 1779 2236 Sefior

144 2276 221 2307 sea
241 2278 327 2306 con
363 2272 584 2308 nosotros.
633 2265 732 2308 Ora
763 2271 852 2322 pro
890 2268 1031 2321 nobis,
1059 2270 1229 2312 Pater.
1271 2270 1340 2312 De
1378 2270 1610 2332 Augusta,
1643 2282 1698 2327 29
1721 2270 1777 2313 de

148 2340 280 2397 Mayo
308 2341 433 2396 1566.
458 2342 529 2385 De
551 2343 607 2386 V.
635 2344 688 2386 P.
715 2358 849 2388 seruo
872 2361 929 2389 en
952 2345 1054 2399 X.⁰,

1228 2430 1256 2488 †
1288 2432 1477 2548 NAssAL·
1515 2430 1543 2489 ·1·

228 2575 473 2632 Inscriptio
510 2578 560 2619 in
597 2581 765 2633 quarta
798 2580 1004 2636 pagina:
1039 2582 1165 2637 Jhus.
1210 2581 1469 2631 Admodum
1494 2581 1608 2623 Rdo.
1652 2580 1775 2623 Patri

141 2658 296 2696 nostro
318 2651 365 2696 in
388 2654 570 2698 Christo
592 2655 834 2699 Francisco
857 2672 882 2700 a
913 2657 1096 2714 Borgia,
1123 2657 1368 2703 Societatis
1386 2660 1497 2717 Jesu
1520 2658 1774 2716 praeposito

208 2820 228 2841 a
265 2813 340 2850 Hic
357 2815 501 2853 desinit
520 2831 656 2855 manus
676 2820 914 2857 Wendelini.
936 2821 1116 2869 Reliqua,
1138 2822 1288 2858 Natalis
1308 2833 1424 2858 manu
1443 2822 1587 2869 scripta
1612 2826 1720 2857 sunt.

211 2935 222 2955 ‘⁴
271 2933 366 2971 Otto
380 2937 595 2974 Truchsess
609 2939 658 2975 de
675 2940 906 2988 waldburg.
958 2945 971 2964 '2
1023 2942 1163 2978 Daniel
1182 2942 1348 2978 Brendel
1369 2944 1417 2978 ab
1436 2943 1656 2988 Homburg.

210 2993 225 3013 ³
274 2994 442 3038 Joannes
460 3008 536 3032 von
555 2997 622 3033 der
637 2999 786 3046 Leyen.
959 3003 974 3023 4
1023 3002 1306 3037 Maximilianus
1321 3002 1368 3037 de
1385 3002 1564 3039 VValhain
1579 3001 1760 3048 (Bergis).

213 3053 228 3073 5
276 3053 444 3100 Jacobus
463 3056 669 3094 Ledesrna.
961 3059 976 3080 ὃ
1026 3061 1188 3099 ΜὶεὴειέΙ
1207 3062 1404 3108 vanegas.
