2101 3348
359 213 427 249 792
935 204 1071 238 EPIST.
1099 203 1142 238 P.
1172 204 1321 239 NADAL
1353 179 1358 185 ι

1056 360 1203 402 XLVI

847 445 1174 483 STANISLAUS
1201 447 1396 485 HOSIUS

702 537 867 566 PATRI
916 537 1119 577 JOANNI
1167 539 1235 568 DE
1284 539 1536 569 POLANCO

777 612 1093 669 Heilsbergae‚
1126 626 1141 656 1
1169 613 1276 669 Maji
1304 627 1319 657 Ι
1329 615 1412 668 567
1437 612 1448 633 ¹
1458 650 1467 658 .

394 700 746 747 Braunsbergense
763 701 977 748 collegium
995 702 1166 747 spoliari
1184 704 1301 748 opera
1308 704 1382 738 riis
1399 703 1560 749 optimis
1578 686 1851 748 conqueritur.

395 778 507 821 Rde.
534 779 684 830 Pater,
710 780 847 822 frater
870 779 916 821 in
941 779 1121 823 Christo
1144 779 1405 823 charissime
1427 787 1471 823 et
1493 781 1771 824 honorande.
1800 781 1939 836 Quod

307 837 638 893 herbipolensis
661 837 903 894 episcopus
926 839 940 859 ‘⁴’
966 846 1144 883 vestrae
1167 839 1408 883 Societatis
1425 839 1669 895 collegium
1686 839 1733 882 in
1751 840 1938 884 ciuitate

305 911 388 939 sua
409 897 709 949 constituerit,
737 899 955 953 gratulor;
982 900 1061 941 sed
1084 913 1188 941 cum
1207 898 1329 954 prior
1345 898 1390 941 id
1410 899 1566 942 fecerit
1585 901 1934 956 Braunspergae

307 956 546 999 cardinalis
568 956 848 1009 varmiensis,
875 965 919 1001 et
942 959 1042 1014 lege
1065 966 1248 1000 cautum
1278 958 1350 1010 sit,
1383 966 1432 1000 vt
1462 958 1538 1013 qui
1568 958 1688 1014 prior
1720 966 1789 1002 est
1821 966 1936 1002 teme

306 1030 430 1072 pore,
454 1015 602 1071 potior
625 1016 682 1058 sit
702 1016 815 1069 iure,
842 1024 1044 1060 vestrum
1068 1017 1182 1060 facio
1206 1017 1438 1069 iudicium,
1474 1033 1530 1060 an
1563 1032 1759 1073 aequum
1792 1017 1850 1060 sit
1881 1025 1932 1060 vt

305 1075 499 1131 priorem
523 1075 737 1131 spolietis,
770 1077 1063 1132 posteriorem
1091 1091 1198 1120 vero
1227 1077 1394 1130 ditetis,
1426 1077 1513 1120 nisi
1542 1078 1731 1120 fortasse
1763 1078 1934 1120 braun—

306 1148 576 1190 spergenses
599 1135 838 1191 aegiptios,
864 1136 1202 1191 herbipolenses
1226 1143 1378 1180 autem
1406 1137 1597 1179 hebreos
1627 1151 1725 1180 esse
1758 1136 1931 1179 iudica—

306 1193 377 1236 tis.
407 1195 505 1250 Ego
527 1208 634 1238 vero
657 1196 713 1237 de
736 1196 786 1237 P.
815 1195 963 1238 Natali
987 1195 1096 1238 mihi
1118 1197 1253 1250 longe
1276 1196 1397 1238 aliud
1414 1196 1759 1251 persuadebam,
1787 1210 1931 1250 quan-

307 1253 550 1308 doquidem
575 1254 794 1297 vetustior
816 1254 878 1296 illi
901 1270 1077 1298 mecum
1100 1270 1234 1310 quam
1258 1269 1361 1297 cum
1384 1255 1688 1310 herbipolensi
1719 1254 1932 1311 episcopo

309 1312 585 1355 familiaritas
613 1313 868 1367 intercedit,
899 1316 1124 1357 facturum
1156 1329 1275 1366 eum,
1312 1321 1360 1356 vt
1392 1322 1580 1371 augeret
1611 1314 1763 1370 potius
1795 1315 1934 1357 colle-

307 1372 434 1428 gium
458 1374 546 1415 hoc
568 1388 593 1415 a
616 1373 746 1416 nobis
768 1373 1042 1426 institutum,
1069 1389 1203 1429 quam
1226 1381 1274 1416 vt
1295 1374 1598 1427 imminueret3
1630 1375 1710 1416 sed
1737 1374 1774 1416 si
1803 1374 1935 1417 uobis

307 1431 492 1474 omnino
521 1432 817 1475 deliberatum
846 1440 914 1477 est
943 1433 1137 1489 spoliare
1176 1434 1426 1489 aegyptios,
1460 1434 1604 1477 ditare
1633 1442 1784 1477 autem
1823 1435 1936 1477 hae-

308 1491 461 1543 breos,
503 1492 712 1546 equidem
750 1507 841 1535 non
870 1493 1065 1548 impedio
1095 1494 1336 1548 quominus
1364 1493 1409 1535 id
1442 1492 1631 1536 faciatis.
1664 1494 1715 1535 Ρ.
1752 1494 1938 1536 Petrum

313 1551 439 1594 Phae
461 1550 652 1594 libenter
675 1552 804 1594 uobis
827 1554 1067 1605 remittam,
1093 1554 1338 1595 dummodo
1356 1552 1402 1594 in
1420 1554 1571 1595 locum
1590 1552 1708 1610 illius
1725 1552 1939 1608 designe-

309 1609 366 1652 tis
391 1611 441 1652 P.
468 1610 738 1665 Dionysium
763 1613 795 1664 ⁵,
821 1612 896 1666 qui
920 1626 1042 1654 nunc
1066 1619 1134 1656 est
1157 1613 1202 1654 in
1224 1611 1468 1656 Germania
1491 1611 1719 1663 inferiore,
1747 1611 1823 1666 qui
1848 1611 1940 1667 pri-

309 1669 412 1712 dem
436 1669 586 1711 statim
609 1671 665 1712 ab
688 1670 816 1713 initio
839 1672 968 1714 nobis
998 1671 1263 1727 promissus,
1295 1686 1443 1726 neque
1472 1678 1620 1714 tamen
1652 1672 1800 1713 adhuc
1830 1670 1939 1713 mis-

309 1743 388 1770 sus
410 1736 492 1772 est.
520 1729 598 1773 Sic
621 1744 703 1772 nos
726 1731 874 1774 verbis
899 1738 1073 1773 tantum
1096 1731 1272 1783 alimur,
1299 1731 1370 1773 alii
1390 1732 1525 1775 rebus
1542 1731 1649 1786 ipsis
1668 1737 1931 1786 pascuntur.

310 1789 426 1830 Nam
459 1789 579 1843 quod
612 1789 767 1831 scribit
801 1791 851 1832 P.
889 1792 1009 1834 V.tra
1040 1792 1160 1845 quod
1189 1791 1232 1833 in
1263 1791 1412 1833 locum
1446 1791 1497 1832 P.
1534 1789 1655 1833 Petri
1684 1789 1741 1832 sit
1770 1789 1938 1831 missus

309 1848 466 1890 doctor
489 1848 698 1892 Astensis
722 1850 753 1900 4,
781 1850 901 1904 quod
930 1851 1048 1892 bona
1077 1864 1180 1892 cum
1209 1849 1327 1892 illius
1359 1849 1492 1893 venia
1524 1848 1728 1901 dixerim,
1767 1863 1858 1892 non
1891 1848 1938 1890 in

310 1907 361 1948 P.
388 1907 526 1959 Petri,
551 1909 632 1951 sed
655 1908 700 1950 in
724 1909 1039 1965 Christophori
1064 1911 1094 1962 ⁵,
1121 1911 1278 1952 doctor
1300 1909 1347 1951 in
1374 1909 1588 1960 doctoris,
1616 1915 1764 1951 rector
1785 1909 1831 1950 in
1865 1922 1938 1950 re—

310 1966 446 2008 ctoris
464 1968 613 2009 locum
631 1975 698 2010 est
722 1968 895 2011 missus.
920 1969 1114 2012 Proinde
1138 1969 1290 2021 alium,
1310 1969 1357 2010 in
1380 1969 1530 2011 locum
1550 1969 1601 2010 P.
1629 1967 1767 2019 Petri,
1788 1966 1941 2010 mitta—

311 2025 383 2077 tis,
425 2026 462 2068 si
491 2041 594 2069 eum
624 2042 650 2069 a
679 2027 809 2070 nobis
838 2030 1015 2072 auferre
1048 2029 1199 2071 uultis.
1233 2028 1448 2083 Quinque
1480 2028 1567 2070 iam
1601 2027 1797 2082 adempti
1833 2025 1942 2068 mihi

310 2091 432 2137 sunt,
469 2086 714 2139 Arnoldus,
748 2087 1103 2143 Christophorus
1136 2103 1239 2130 cum
1272 2102 1355 2130 suo
1393 2087 1530 2139 socio,
1573 2087 1758 2135 Paulus,
1795 2085 1940 2141 quinti

311 2158 475 2186 nomen
504 2160 594 2187 non
625 2146 862 2200 succurrit;
895 2162 998 2190 nam
1027 2147 1083 2190 de
1116 2154 1262 2199 sexto,
1299 2146 1497 2199 Simone,
1539 2145 1615 2201 qui
1653 2152 1815 2201 sponte
1855 2159 1938 2188 sua

310 2204 572 2259 segregauit
594 2220 657 2257 se,
684 2205 793 2248 nihil
816 2221 937 2249 nunc
960 2207 1120 2249 dicam.
1147 2206 1250 2251 Scio
1272 2207 1392 2261 quod
1415 2204 1710 2248 causabimini
1729 2204 1937 2249 imbecil—

310 2261 481 2305 litatem
505 2265 553 2306 P.
579 2265 798 2319 Dyonisii,
825 2267 904 2308 sed
927 2281 1009 2308 nos
1026 2267 1245 2309 habemus
1263 2265 1336 2308 hic
1354 2265 1579 2309 medicum
1597 2264 1839 2320 insignem,
1862 2263 1936 2306 cui

310 2336 475 2364 nomen
498 2329 566 2365 est
581 2325 851 2379 Joppenbix,
878 2340 968 2381 quo
998 2325 1126 2368 facile
1156 2325 1298 2368 morbi
1327 2332 1544 2367 curantur
1574 2338 1746 2366 omnes.
1785 2323 1936 2367 Testis

309 2387 379 2424 est
400 2381 559 2424 doctor
582 2383 949 2439 Christophorus,
975 2385 1052 2439 qui
1076 2399 1307 2441 nunquam
1328 2384 1373 2426 in
1399 2384 1489 2426 vita
1507 2398 1588 2426 sua
1606 2398 1654 2427 se
1673 2382 1834 2426 melius
1852 2397 1934 2424 va-

309 2439 446 2483 luisse
483 2441 652 2493 scribit,
695 2457 828 2497 quam
856 2458 959 2486 cum
992 2451 1111 2487 esset
1142 2446 1501 2499 Braunspergae,
1528 2457 1631 2485 cum
1660 2442 1737 2484 illo
1759 2441 1935 2485 medico

309 2506 527 2543 vteretur.
550 2501 698 2544 Testis
716 2509 761 2544 et
777 2502 872 2558 ipse
895 2504 1051 2546 doctor
1074 2503 1298 2555 Astensis‚
1325 2502 1403 2558 qui
1425 2502 1536 2546 mire
1553 2516 1601 2545 se
1619 2501 1781 2545 medici
1800 2500 1935 2543 huius

384 2638 395 2657 1
446 2637 504 2671 Ex
523 2637 747 2683 archetypo,
770 2638 808 2673 in
831 2637 925 2674 Cod.
948 2639 1008 2685 38,
1027 2638 1172 2685 duplici
1191 2639 1272 2683 fol„
1298 2646 1360 2683 171
1382 2637 1494 2685 (470).

381 2699 394 2718 Ξ
446 2695 668 2732 Friderieus
687 2709 708 2732 a
727 2697 947 2744 Wirsberg.

383 2757 397 2776 ⁵
447 2755 641 2791 Henricus
660 2755 886 2803 Dionysius.
909 2757 1008 2792 Vide
1028 2757 1142 2804 epist.
1164 2757 1246 2802 486,
1268 2769 1305 2792 n.
1328 2765 1362 2802 5;
1382 2767 1464 2802 494,
1492 2768 1530 2791 n.
1558 2766 1592 2801 2;
1624 2765 1706 2802 509,
1737 2768 1774 2791 n.
1804 2764 1839 2800 73
1861 2765 1941 2801 512,

313 2828 351 2851 n.
377 2824 408 2859 13
430 2823 511 2860 515,
533 2828 570 2851 n.
592 2823 627 2859 53
649 2821 729 2852 etc.

382 2877 397 2898 ⁴
446 2876 489 2910 P.
523 2877 694 2921 Joannes
726 2877 896 2922 Jacobus
929 2876 1109 2912 Astensis
1143 2876 1311 2924 (Asten).
1345 2876 1511 2923 Saepius
1542 2876 1590 2912 de
1616 2886 1663 2911 eo
1693 2874 1841 2910 dictum
1867 2880 1940 2911 est.

310 2935 411 2970 Vide
431 2936 545 2982 epist.
566 2944 648 2981 512,
665 2948 703 2972 n.
728 2944 758 2972 Ι.

378 2996 392 3016 5
443 2995 689 3033 Strobellius.
711 2995 811 3031 Vide
829 3007 917 3042 pag.
940 2996 1023 3042 218,
1042 3000 1173 3032 annot.
1195 3004 1229 3040 5.

2076 479 2085 484 ..
2065 203 2095 451 ‘smnus—kal.
2088 190 2089 193 „
2063 103 2094 178 vs:
