2101 3348
342 242 406 279 152
851 227 987 262 EP1sr.
1015 223 1059 258 Ρ.
1087 221 1352 266 NADAL-401

295 338 452 387 Roma,
476 349 507 391 y
529 334 595 377 los
620 331 788 376 Padres
810 344 839 384 y
861 329 1102 370 hermanos
1125 337 1213 379 que
1235 326 1363 366 estan
1391 336 1476 365 con
1502 321 1545 365 el
1567 335 1712 378 uayan
1740 319 1914 364 adonde

293 414 334 457 el
366 409 614 469 prouincial
643 408 881 458 ordenare,
916 417 1090 461 porque
1117 416 1177 445 no
1204 399 1424 445 conuiene
1459 402 1553 457 por'
1570 414 1675 443 aora
1701 401 1829 443 esten
1855 411 1913 441 en

293 491 513 534 Anuersa.

1044 555 1157 598 :ml

729 635 784 677 P.
821 629 1230 677 HIERONYMUS
1261 627 1478 671 NADAL

623 708 863 747 SANCTO
906 704 1254 744 FRANCISCO
1286 705 1362 740 DE
1394 702 1585 750 BORJA

828 781 1068 819 AUGUSTAE,
1087 782 1133 818 29
1150 781 1242 815 MAJI
1262 770 1352 816 1566
1372 772 1398 805 1.

294 856 327 882 1.
351 845 533 891 simenez
545 845 828 891 aegrotat.—2.
847 840 1070 876 Conventus
1087 837 1311 886 augustani
1319 836 1434 884 finis,
1447 838 1483 872 et
1493 834 1659 883 fructus
1676 848 1702 871 a
1719 836 1920 871 catholicis

342 904 598 948 collecti.-3.
627 902 836 948 Principes
859 900 1176 942 discedmzt.—4.
1200 896 1388 933 canisius
1416 895 1676 943 Oenipontem
1700 896 1823 931 venit:
1841 894 1921 930 Na-

345 965 452 1007 talis,
473 963 831 1005 Monaclzium.—5.
847 959 882 1006 J
882 960 1031 995 imenez
1048 958 1191 994 melius
1207 957 1337 992 habet.

391 1042 426 1073 Ι.
494 1029 523 1086 †
558 1027 816 1071 Admodum
853 1026 965 1069 Rde.
1007 1023 1053 1066 in
1092 1022 1274 1067 Christo
1312 1023 1463 1066 Pater.
1506 1023 1601 1065 Pax
1634 1021 1802 1065 Christi
1830 1027 1917 1066 etc.

300 1110 413 1152 Vtor
432 1121 566 1149 manu
592 1104 738 1148 Patris
761 1093 1022 1148 Wendelini
1053 1102 1067 1122 ²
1098 1107 1142 1146 et
1170 1100 1308 1144 latina
1334 1099 1507 1157 lingua,
1538 1106 1774 1157 propterea
1801 1100 1921 1155 quod

302 1188 437 1229 Pater
459 1183 689 1235 Ximenes,
715 1196 818 1225 cum
841 1179 1147 1237 superioribus
1169 1178 1329 1223 diebus
1346 1192 1438 1221 non
1456 1177 1564 1220 satis
1593 1178 1722 1221 firma
1741 1177 1922 1222 ualetu-

302 1262 407 1305 dine
425 1275 534 1303 usus
551 1259 624 1313 sit,
644 1258 777 1302 hodie
801 1264 950 1302 tamen
971 1256 1158 1314 grauius
1175 1255 1370 1312 incoepit
1392 1261 1644 1312 aegrotare3
1664 1269 1755 1298 non
1772 1261 1921 1298 tamen

300 1340 361 1382 ita
381 1338 593 1395 grauiter,
620 1344 670 1379 ut
701 1351 792 1379 non
821 1349 1053 1392 speremus
1075 1333 1204 1378 breui
1233 1332 1319 1377 sibi
1347 1333 1691 1386 restituendum,
1721 1334 1808 1376 hoc
1836 1338 1920 1386 est,

303 1414 644 1467 valetudinario,
671 1421 720 1457 ut
743 1428 919 1470 semper
940 1415 1034 1457 fere
1054 1414 1275 1455 hactenus
1298 1411 1397 1455 fuit.

392 1507 433 1538 2.
501 1491 732 1549 Superiori
754 1491 1052 1544 hebdomade,
1076 1489 1216 1534 literis
1239 1491 1290 1533 P.
1318 1490 1376 1533 V.
1402 1488 1629 1545 respondi:
1655 1488 1806 1533 addidi
1821 1488 1929 1533 item

303 1572 532 1622 nonnulla,
566 1584 680 1626 quae
709 1584 764 1613 ex
794 1568 985 1612 comitiis
1016 1567 1255 1611 scriuenda
1277 1566 1451 1624 putaui,
1482 1576 1527 1610 et
1549 1566 1810 1622 pollicebar,
1844 1568 1929 1610 hac

305 1649 587 1693 hebdomada
610 1662 680 1690 me
698 1646 970 1703 scripturum
987 1646 1043 1690 de
1060 1645 1172 1689 actis
1189 1652 1442 1690 conuentus
1458 1644 1789 1702 compendium3
1811 1644 1931 1701 quod

305 1742 399 1769 non
423 1725 554 1778 facio,
592 1724 696 1780 quia
724 1723 980 1781 publicatus
1007 1738 1098 1766 non
1120 1729 1188 1768 est
1210 1724 1358 1767 adhuc
1385 1737 1606 1777 recessus3
1638 1724 1725 1766 hoc
1747 1736 1931 1779 possum

308 1811 457 1846 tamen
479 1802 656 1846 interim
680 1802 963 1854 confirmare,
989 1802 1110 1857 quod
1138 1816 1193 1845 ex
1214 1800 1312 1856 alijs
1340 1800 1474 1845 etiam
1502 1800 1723 1857 intelligo,
1756 1801 1930 1843 nullum

307 1880 445 1924 fuisse
469 1879 637 1936 imperij
667 1885 962 1931 conuentum,
987 1878 1033 1921 in
1055 1892 1160 1934 quo,
1187 1879 1261 1921 uel
1287 1877 1472 1923 liberius
1499 1877 1676 1935 egerint
1703 1877 1928 1931 catholici,

309 1958 382 2000 uel
419 1956 775 1999 confirmatiores
812 1955 1121 2009 discesserint;
1162 1962 1206 2000 et
1245 1957 1368 2011 quod
1404 1955 1639 1999 maximam
1661 1970 1786 2012 spem
1823 1956 1933 1998 dant

313 2034 524 2077 omnibus
534 2034 665 2076 bonis
681 2032 809 2077 breui
828 2034 1045 2086 futurum,
1065 2040 1116 2076 ut
1126 2034 1204 2076 lux
1221 2033 1370 2089 aliqua
1386 2048 1505 2077 noua
1521 2033 1737 2090 effulgeat
1753 2032 1799 2075 in
1817 2033 1937 2078 Ger-

311 2111 458 2154 mania
495 2110 744 2154 catholicae
783 2110 998 2154 veritatis.
1041 2111 1227 2167 Concilij
1269 2110 1497 2155 tridentini
1533 2111 1714 2155 decreta
1749 2109 1938 2167 professi

312 2195 417 2231 sunt
439 2187 646 2231 catholici
669 2188 714 2230 in
747 2203 800 2232 eo
830 2188 1011 2245 scripto,
1041 2203 1131 2244 quo
1160 2190 1432 2246 respondent
1453 2196 1474 2217 a
1500 2188 1869 2246 protestantibus,
1895 2195 1940 2233 et

312 2266 358 2308 in
381 2272 609 2309 conuentu
632 2266 974 2320 catholicorum,
1004 2280 1139 2322 quem
1167 2266 1325 2311 habuit
1352 2267 1519 2311 Illmus.
1546 2267 1741 2324 legatus,
1772 2265 1939 2311 disser—

314 2343 483 2387 tissime
499 2357 654 2387 omnes
675 2349 720 2387 et
737 2343 1039 2388 obedientiam
1057 2359 1231 2387 summo
1247 2344 1448 2401 pontifici
1465 2345 1741 2398 detulerunt,
1763 2350 1808 2388 et
1825 2358 1937 2387 con-

313 2421 548 2463 firmarunt
569 2420 781 2476 dogmata
798 2434 846 2463 se
868 2420 1066 2476 recipere
1093 2421 1271 2464 concilii
1294 2421 1540 2475 tridentini,
1573 2429 1668 2465 turn
1697 2421 1830 2466 etiam
1853 2421 1935 2465 de-

316 2504 438 2542 creta
459 2497 806 2550 reformationis,
831 2497 917 2541 nisi
938 2498 1082 2541 sicubi
1103 2498 1209 2541 huic
1231 2499 1400 2542 nationi
1423 2514 1493 2544 res
1523 2499 1751 2545 uideretur
1773 2499 1935 2543 diffici-

316 2574 414 2627 lior,
441 2589 529 2631 qua
564 2575 620 2618 de
658 2589 704 2618 re
740 2582 890 2619 essent
926 2582 1077 2620 tamen
1114 2590 1338 2620 summum
1374 2577 1633 2633 pontificem
1670 2577 1934 2621 consulturi.

390 2719 411 2739 a
449 2711 559 2747 Prius
579 2711 788 2759 scripserat
806 2712 1063 2749 Wendelinus
1083 2715 1230 2761 scripto
1247 2716 1544 2762 corespondent;
1562 2715 1702 2751 deinde
1721 2715 1870 2752 Natalis
1888 2717 1947 2762 (ut
1972 2750 1974 2753 ,

321 2770 492 2816 videtur)
512 2783 626 2807 manu
646 2771 800 2819 propria
819 2773 966 2808 addidit
986 2772 1086 2808 inter
1105 2773 1169 2809 illa
1191 2773 1267 2809 duo
1286 2775 1405 2809 verba
1424 2786 1514 2820 quo,
1539 2775 1608 2810 sed
1633 2776 1776 2811 oblitus
1801 2781 1862 2812 est
1884 2775 1948 2811 de-

327 2830 435 2866 lendi
454 2830 615 2877 primam
630 2832 818 2878 syllabam
836 2831 947 2868 verbi
964 2843 1165 2879 perperam
1184 2832 1335 2879 scripti.

393 2934 403 2952 ¹
453 2934 510 2968 Ex
529 2934 757 2980 archetypo,
777 2933 913 2980 partim
931 2946 1045 2970 manu
1063 2935 1108 2971 P.
1129 2934 1368 2979 Wendelini,
1384 2935 1522 2982 partim
1542 2935 1706 2983 Natalis,
1722 2941 1893 2979 exarato,
1910 2936 1948 2973 in

321 2992 452 3039 Epist.
478 2993 639 3035 Natal.‚
659 2994 711 3039 11,
729 2993 871 3040 duplici
888 2994 979 3041 fol.,
1002 2994 1068 3030 133
1085 2997 1205 3040 (100).

391 3055 404 3075 ²
456 3052 709 3091 Wendelinus
729 3054 867 3099 Volck,
886 3055 1061 3103 superior
1079 3055 1216 3092 domus
1231 3061 1487 3102 augustanae.
