2101 3348
843 221 1061 256 APPEme
1643 218 1713 264 773

121 322 384 366 conseruari
408 322 585 378 poterit:
611 323 723 366 adeo
745 322 857 378 petit
874 330 919 377 et
942 329 1071 379 rogat
1092 323 1268 376 sedulo,
1290 328 1338 364 ut
1355 328 1618 377 susceptum
1641 335 1757 364 onus

122 382 338 437 deponat.
365 383 460 425 Nec
483 382 590 424 satis
613 384 871 425 consultum
895 383 1028 426 fuerit
1051 381 1245 424 inuitum
1268 381 1393 424 illum
1417 382 1504 423 hoc
1526 381 1624 423 1000
1645 381 1754 425 reti—

127 456 249 484 nere.
273 442 428 485 Monui
450 444 533 483 hac
555 442 611 484 de
634 456 680 484 re
705 443 885 484 Patrem
907 441 1185 484 visitatorem
1208 455 1287 497 per
1309 441 1475 491 literas,
1497 447 1542 482 et
1560 441 1754 482 monebo

129 500 314 552 iterum,
345 515 448 543 cum
478 500 658 543 redierit
685 501 803 543 idem
834 516 888 544 ex
918 500 1104 543 Austria
1127 501 1458 556 Oenipontum,
1484 498 1560 541 vbi
1585 501 1637 542 Ρ.
1664 500 1754 542 La-

131 559 282 601 noium
301 567 518 602 rectorem
537 559 632 603 fore
650 574 899 615 speramus,
925 567 975 601 ut
996 559 1130 602 variis
1154 559 1500 610 tentationibus,
1527 573 1641 612 quae
1664 558 1754 600 11110

121 618 319 662 subinde
341 633 439 662 sese
469 620 681 674 produnt,
707 620 845 661 finem
875 619 1172 674 imponamus.
1206 618 1428 661 Dominus
1457 617 1750 662 nobiscum...

877 769 1005 810 XXII

570 854 1015 892 CHRISTOPHORUS
1043 855 1303 891 ZIGLERUS

495 952 706 982 SANcTo
750 946 1061 983 FRAN'CIsco
1105 954 1174 982 DE
1218 952 1391 992 BORJA

581 1034 808 1091 Dilingae,
832 1048 881 1089 31
905 1035 1106 1091 Augusti
1132 1035 1241 1088 1566
1264 1036 1290 1077 ¹.

753 1128 926 1164 Litterae
945 1141 1119 1164 annuae.

290 1213 407 1255 Vota
431 1213 499 1254 bis
522 1214 607 1255 1100
630 1227 748 1255 anno
777 1228 856 1268 pro
888 1227 1012 1256 more
1042 1219 1332 1263 renouarunt‚
1360 1211 1542 1267 praeuia
1571 1212 1749 1254 confes-

121 1270 247 1313 sione
269 1272 483 1327 generali,
506 1280 553 1314 et
567 1272 651 1327 piis
668 1272 764 1315 aliis
781 1272 1018 1314 exercitiis.
1040 1271 1282 1314 Posteriori
1300 1271 1591 1314 renouatione
1609 1272 1749 1315 inter-

121 1330 205 1372 fuit
228 1332 279 1373 R.
303 1333 355 1373 P.
378 1331 566 1384 Natalis,
588 1331 919 1386 prouinciarum
939 1331 1298 1387 germanicarum
1317 1330 1534 1381 visitator,
1555 1331 1630 1385 qui
1648 1345 1745 1373 cre-

119 1389 232 1441 bris,
259 1390 403 1445 iisque
427 1390 771 1434 feruentissimis
793 1390 1181 1433 exhortationibus
1204 1390 1389 1432 mirifice
1419 1389 1618 1432 omnium
1648 1390 1747 1432 ani-

117 1463 212 1491 mos
243 1450 299 1491 ad
322 1451 625 1504 nuncupanda
649 1450 831 1493 Christo
855 1450 926 1505 pia
947 1457 1052 1492 vota
1070 1449 1221 1491 multis
1243 1449 1404 1492 diebus
1433 1449 1744 1500 inflammauit,

114 1508 191 1562 qui
216 1508 496 1564 singulorum
521 1509 654 1552 etiam
678 1511 914 1565 generales
937 1511 1114 1564 excepit
1136 1509 1459 1561 confessiones,
1480 1523 1645 1564 magna
1663 1523 1747 1550 no-

112 1576 207 1610 stra
230 1567 275 1609 in
293 1568 487 1610 Domino
510 1569 869 1612 consolatione...

858 1719 1005 1760 XXIII

636 1806 902 1842 HENRICUS
922 1806 1226 1842 BLISSEMIUS

487 1904 701 1933 SANCTO
741 1904 1051 1933 FRANCISCO
1091 1904 1158 1933 DE
1202 1903 1374 1942 BORJA

549 1987 739 2040 pragae,
772 1997 819 2027 12
840 1984 1118 2040 Septembris
1147 1985 1256 2038 1566
1279 1986 1310 2027 ².

747 2079 919 2114 Litterae
938 2090 1112 2114 annuae.

278 2164 413 2205 Hunc
438 2164 625 2204 fratrum
651 2163 871 2205 feruorem
895 2162 1137 2218 plurimum
1166 2162 1291 2204 auxit
1320 2162 1423 2204 bina
1449 2169 1654 2205 votorum
1689 2177 1740 2205 ac

107 2222 308 2277 religiosi
331 2222 512 2277 spiritus
535 2222 786 2272 innouatio,
814 2236 1059 2277 quaesane
1089 2221 1283 2275 maxima
1309 2221 1508 2264 omnium
1533 2223 1740 2264 consola-

112 2281 231 2323 tione
253 2281 377 2323 iuxta
401 2281 642 2325 Societatis
663 2296 831 2324 morem
852 2288 1075 2323 transacta
1097 2290 1181 2331 est,
1202 2290 1250 2322 vt
1269 2280 1378 2322 nihil
1396 2281 1540 2323 dicam
1560 2282 1615 2322 de
1633 2296 1740 2336 gra—

112 2340 282 2383 tissima
304 2340 559 2382 visitatione
586 2341 683 2383 Rdi.
712 2343 763 2383 P.
790 2340 978 2391 Natalis,
1003 2340 1079 2394 qui
1102 2340 1336 2382 nobiscum
1360 2342 1503 2392 adest,
1530 2347 1574 2384 et
1597 2341 1741 2382 modis

111 2400 319 2442 omnibus
348 2401 432 2442 hoc
460 2400 698 2454 collegiun
730 2400 878 2451 iuuat,
905 2400 1024 2454 quod
1052 2407 1227 2447 mouet,
1254 2400 1454 2450 ordinat,
1481 2400 1654 2455 perficit
1687 2414 1739 2442 ac

110 2473 192 2501 nos
214 2458 358 2501 doctis
380 2473 430 2501 30
454 2459 613 2502 2010313
635 2459 1022 2502 exhortationibus
1039 2459 1239 2513 quotidie
1261 2460 1535 2509 consolatur,
1558 2458 1739 2501 instruit

105 2525 153 2561 et
180 2519 438 2571 confirmat,
465 2519 726 2573 praesertim
748 2518 793 2560 in
816 2518 884 2570 iis,
922 2533 1037 2573 quae
1069 2525 1248 2561 nostrae
1276 2518 1525 2561 vocationis
1558 2518 1737 2573 propria

109 2577 288 2631 quidem
312 2585 433 2628 sunt,
459 2579 536 2621 sed
561 2593 586 2620 a
608 2578 762 2633 paucis
785 2578 881 2620 aliis
914 2592 965 2620 30
999 2592 1113 2629 raro,
1141 2578 1262 2632 quod
1294 2578 1455 2628 sciam,
1488 2578 1549 2619 ita
1578 2578 1732 2627 solide,

108 2636 313 2687 fideliter,
336 2643 380 2680 et
402 2650 504 2678 cum
524 2644 648 2679 tanto
668 2638 857 2679 fratrum
881 2636 1040 2679 solatio
1058 2638 1342 2679 traduntur...
1367 2637 1451 2680 His
1469 2636 1629 2679 diebus
1648 2643 1736 2678 tres

100 2694 308 2750 ‘insignes
331 2695 489 2737 nouitii
514 2698 689 2738 Vienna
712 2696 835 2739 missi
863 2704 969 2739 sunt
998 2698 1055 2738 ad
1083 2696 1360 2751 probationis
1389 2698 1593 2746 domum,
1620 2710 1735 2750 quae

101 2768 228 2796 *nunc
245 2769 270 2796 a
286 2756 419 2797 Patre
437 2755 744 2798 commissario
760 2756 823 2798 sic
841 2755 1020 2799 videtur
1037 2756 1274 2808 instructa,
1290 2763 1339 2797 ut
1353 2770 1563 2811 magnam
1581 2754 1734 2809 magni

102 2813 283 2874 fructus¹
305 2828 429 2868 spem
453 2815 585 2856 nobis
607 2815 890 2869 polliceatur.

180 2942 188 2961 ¹
243 2943 298 2976 Ex
322 2942 414 2977 Cod.
438 2953 487 2987 29
499 2943 558 2989 f),
580 2953 648 2978 212
667 2946 784 2989 (117).
810 2944 910 2980 Vide
930 2956 1018 2991 pag.
1038 2944 1096 2979 63.

179 3004 192 3022 ²
244 3002 301 3035 Ex
322 3001 422 3036 Cod.
446 3003 564 3049 29f),
586 3003 626 3037 81
649 3003 763 3048 (187).
