<?xml version="1.0" encoding="UTF-8"?>
<!DOCTYPE html PUBLIC "-//W3C//DTD XHTML 1.0 Transitional//EN"
    "http://www.w3.org/TR/xhtml1/DTD/xhtml1-transitional.dtd">
<html xmlns="http://www.w3.org/1999/xhtml" xml:lang="en" lang="en">
 <head>
  <title>
</title>
<meta http-equiv="Content-Type" content="text/html;charset=utf-8" />
  <meta name='ocr-system' content='tesseract 3.04.00' />
  <meta name='ocr-capabilities' content='ocr_page ocr_carea ocr_par ocr_line ocrx_word'/>
</head>
<body>
  <div class='ocr_page' id='page_1' title='image "./epistolaephieron10nada/epistolaephieron10nada_0824.png"; bbox 0 0 2101 3348; ppageno 0'>
   <div class='ocr_carea' id='block_1_1' title="bbox 396 225 1369 271">
    <p class='ocr_par' dir='ltr' id='par_1_1' title="bbox 396 225 1369 271">
     <span class='ocr_line' id='line_1_1' title="bbox 396 225 1369 271; baseline -0.003 -9"><span class='ocrx_word' id='word_1_1' title='bbox 396 227 464 271; x_wconf 88' lang='lat'><strong>786</strong></span> <span class='ocrx_word' id='word_1_2' title='bbox 980 227 1118 261; x_wconf 70' lang='lat' dir='ltr'>EPIST.</span> <span class='ocrx_word' id='word_1_3' title='bbox 1146 226 1189 259; x_wconf 91' lang='lat' dir='ltr'>P.</span> <span class='ocrx_word' id='word_1_4' title='bbox 1219 225 1369 259; x_wconf 85' lang='lat' dir='ltr'><strong>NADAL</strong></span> 
     </span>
    </p>
   </div>
   <div class='ocr_carea' id='block_1_2' title="bbox 348 325 2047 383">
    <p class='ocr_par' dir='ltr' id='par_1_2' title="bbox 348 325 2047 383">
     <span class='ocr_line' id='line_1_2' title="bbox 348 325 2047 383; baseline 0.002 -13"><span class='ocrx_word' id='word_1_5' title='bbox 348 341 472 371; x_wconf 88' lang='lat' dir='ltr'><strong>mum</strong></span> <span class='ocrx_word' id='word_1_6' title='bbox 489 327 688 383; x_wconf 84' lang='lat' dir='ltr'><strong>quidem,</strong></span> <span class='ocrx_word' id='word_1_7' title='bbox 710 328 832 383; x_wconf 89' lang='lat' dir='ltr'><strong>quod</strong></span> <span class='ocrx_word' id='word_1_8' title='bbox 854 341 966 383; x_wconf 87' lang='lat' dir='ltr'><strong>erga</strong></span> <span class='ocrx_word' id='word_1_9' title='bbox 987 326 1192 383; x_wconf 83' lang='lat' dir='ltr'>spirense</span> <span class='ocrx_word' id='word_1_10' title='bbox 1214 325 1459 382; x_wconf 86' lang='lat' dir='ltr'><strong>collegium</strong></span> <span class='ocrx_word' id='word_1_11' title='bbox 1482 326 1595 369; x_wconf 88' lang='lat' dir='ltr'><strong>adeo</strong></span> <span class='ocrx_word' id='word_1_12' title='bbox 1616 325 1867 381; x_wconf 86' lang='lat' dir='ltr'><strong>benignum</strong></span> <span class='ocrx_word' id='word_1_13' title='bbox 1884 342 1984 373; x_wconf 84' lang='lat' dir='ltr'><strong>sese</strong></span> <span class='ocrx_word' id='word_1_14' title='bbox 2043 368 2047 373; x_wconf 92' lang='lat'>.</span> 
     </span>
    </p>
   </div>
   <div class='ocr_carea' id='block_1_3' title="bbox 344 362 1979 800">
    <p class='ocr_par' dir='ltr' id='par_1_3' title="bbox 344 362 1979 561">
     <span class='ocr_line' id='line_1_3' title="bbox 348 362 1977 443; baseline 0.001 -13"><span class='ocrx_word' id='word_1_15' title='bbox 348 387 611 439; x_wconf 86' lang='lat' dir='ltr'><strong>ostenderit,</strong></span> <span class='ocrx_word' id='word_1_16' title='bbox 627 386 774 443; x_wconf 89' lang='lat' dir='ltr'><strong>quod</strong></span> <span class='ocrx_word' id='word_1_17' title='bbox 763 401 850 430; x_wconf 80' lang='lat' dir='ltr'><strong>iam</strong></span> <span class='ocrx_word' id='word_1_18' title='bbox 867 386 1049 430; x_wconf 90' lang='lat' dir='ltr'><strong>tandem</strong></span> <span class='ocrx_word' id='word_1_19' title='bbox 1067 385 1252 428; x_wconf 89' lang='lat' dir='ltr'><strong>omnino</strong></span> <span class='ocrx_word' id='word_1_20' title='bbox 1267 399 1399 441; x_wconf 86' lang='lat' dir='ltr'><strong>spero</strong></span> <span class='ocrx_word' id='word_1_21' title='bbox 1414 385 1670 436; x_wconf 81' lang='lat' dir='ltr'><strong>fundatum,</strong></span> <span class='ocrx_word' id='word_1_22' title='bbox 1684 392 1731 427; x_wconf 90' lang='lat' dir='ltr'><strong>et</strong></span> <span class='ocrx_word' id='word_1_23' title='bbox 1726 362 1839 429; x_wconf 47' lang='grc' dir='ltr'><strong>δᾶν.</strong></span> <span class='ocrx_word' id='word_1_24' title='bbox 1857 387 1910 430; x_wconf 90' lang='lat' dir='ltr'><strong>R.</strong></span> <span class='ocrx_word' id='word_1_25' title='bbox 1925 389 1977 431; x_wconf 90' lang='lat' dir='ltr'><strong>P.</strong></span> 
     </span>
     <span class='ocr_line' id='line_1_4' title="bbox 344 442 1979 512; baseline 0.001 -23"><span class='ocrx_word' id='word_1_26' title='bbox 344 453 646 502; x_wconf 83' lang='lat' dir='ltr'><strong>acceptatum,</strong></span> <span class='ocrx_word' id='word_1_27' title='bbox 673 453 911 502; x_wconf 82' lang='lat' dir='ltr'>postquam</span> <span class='ocrx_word' id='word_1_28' title='bbox 941 446 998 488; x_wconf 87' lang='lat' dir='ltr'><strong>ad</strong></span> <span class='ocrx_word' id='word_1_29' title='bbox 1022 446 1257 488; x_wconf 86' lang='lat' dir='ltr'><strong>formulam</strong></span> <span class='ocrx_word' id='word_1_30' title='bbox 1281 459 1306 487; x_wconf 90' lang='lat' dir='ltr'><strong>a</strong></span> <span class='ocrx_word' id='word_1_31' title='bbox 1330 446 1383 487; x_wconf 92' lang='lat' dir='ltr'><strong>R.</strong></span> <span class='ocrx_word' id='word_1_32' title='bbox 1411 446 1462 487; x_wconf 94' lang='lat' dir='ltr'>P</span> <span class='ocrx_word' id='word_1_33' title='bbox 1485 442 1636 487; x_wconf 86' lang='lat' dir='ltr'><strong>Natali</strong></span> <span class='ocrx_word' id='word_1_34' title='bbox 1658 444 1979 512; x_wconf 82' lang='lat' dir='ltr'>praescriptam</span> 
     </span>
     <span class='ocr_line' id='line_1_5' title="bbox 347 504 1978 569; baseline 0 -21"><span class='ocrx_word' id='word_1_35' title='bbox 347 507 612 549; x_wconf 90' lang='lat' dir='ltr'><strong>conclusum</strong></span> <span class='ocrx_word' id='word_1_36' title='bbox 636 505 709 558; x_wconf 93' lang='lat' dir='ltr'><strong>sit,</strong></span> <span class='ocrx_word' id='word_1_37' title='bbox 730 512 776 548; x_wconf 92' lang='lat' dir='ltr'><strong>et</strong></span> <span class='ocrx_word' id='word_1_38' title='bbox 792 505 1038 561; x_wconf 82' lang='lat' dir='ltr'>diplomate</span> <span class='ocrx_word' id='word_1_39' title='bbox 1055 518 1236 559; x_wconf 90' lang='lat' dir='ltr'><strong>quoque</strong></span> <span class='ocrx_word' id='word_1_40' title='bbox 1254 510 1469 548; x_wconf 87' lang='lat' dir='ltr'><strong>testatum</strong></span> <span class='ocrx_word' id='word_1_41' title='bbox 1487 517 1565 559; x_wconf 90' lang='lat' dir='ltr'><strong>per</strong></span> <span class='ocrx_word' id='word_1_42' title='bbox 1581 504 1866 569; x_wconf 78' lang='lat' dir='ltr'><strong>generalem</strong></span> <span class='ocrx_word' id='word_1_43' title='bbox 1855 519 1978 560; x_wconf 88' lang='lat' dir='ltr'><strong>1pso-</strong></span> 
     </span>
    </p>

    <p class='ocr_par' dir='ltr' id='par_1_4' title="bbox 346 562 1978 800">
     <span class='ocr_line' id='line_1_6' title="bbox 346 562 1977 621; baseline -0.001 -14"><span class='ocrx_word' id='word_1_44' title='bbox 346 578 447 607; x_wconf 91' lang='lat' dir='ltr'><strong>rum</strong></span> <span class='ocrx_word' id='word_1_45' title='bbox 471 564 791 608; x_wconf 88' lang='lat' dir='ltr'><strong>canonicorum</strong></span> <span class='ocrx_word' id='word_1_46' title='bbox 815 564 1234 621; x_wconf 82' lang='lat' dir='ltr'><strong>congregationem.</strong></span> <span class='ocrx_word' id='word_1_47' title='bbox 1260 565 1360 606; x_wconf 89' lang='lat' dir='ltr'><strong>Deo</strong></span> <span class='ocrx_word' id='word_1_48' title='bbox 1388 569 1481 619; x_wconf 89' lang='lat' dir='ltr'><strong>opt.</strong></span> <span class='ocrx_word' id='word_1_49' title='bbox 1507 576 1628 604; x_wconf 85' lang='lat' dir='ltr'><strong>max.</strong></span> <span class='ocrx_word' id='word_1_50' title='bbox 1654 562 1712 605; x_wconf 88' lang='lat' dir='ltr'><strong>sit</strong></span> <span class='ocrx_word' id='word_1_51' title='bbox 1738 563 1837 606; x_wconf 87' lang='lat' dir='ltr'><strong>laus</strong></span> <span class='ocrx_word' id='word_1_52' title='bbox 1858 579 1977 608; x_wconf 87' lang='lat' dir='ltr'><strong>sem-</strong></span> 
     </span>
     <span class='ocr_line' id='line_1_7' title="bbox 347 622 1977 680; baseline 0.001 -14"><span class='ocrx_word' id='word_1_53' title='bbox 347 623 537 680; x_wconf 87' lang='lat' dir='ltr'><strong>piterna.</strong></span> <span class='ocrx_word' id='word_1_54' title='bbox 559 624 736 669; x_wconf 90' lang='lat' dir='ltr'><strong>Deinde</strong></span> <span class='ocrx_word' id='word_1_55' title='bbox 753 638 972 680; x_wconf 88' lang='lat' dir='ltr'><strong>magnum</strong></span> <span class='ocrx_word' id='word_1_56' title='bbox 990 623 1261 666; x_wconf 88' lang='lat' dir='ltr'><strong>beneficium</strong></span> <span class='ocrx_word' id='word_1_57' title='bbox 1279 622 1440 665; x_wconf 89' lang='lat' dir='ltr'><strong>merito</strong></span> <span class='ocrx_word' id='word_1_58' title='bbox 1462 628 1741 677; x_wconf 90' lang='lat' dir='ltr'><strong>reputamus,</strong></span> <span class='ocrx_word' id='word_1_59' title='bbox 1762 624 1882 677; x_wconf 92' lang='lat' dir='ltr'><strong>quod</strong></span> <span class='ocrx_word' id='word_1_60' title='bbox 1899 638 1977 679; x_wconf 89' lang='lat' dir='ltr'><strong>per</strong></span> 
     </span>
     <span class='ocr_line' id='line_1_8' title="bbox 346 680 1978 738; baseline 0 -12"><span class='ocrx_word' id='word_1_61' title='bbox 346 684 400 726; x_wconf 90' lang='lat' dir='ltr'><strong>R.</strong></span> <span class='ocrx_word' id='word_1_62' title='bbox 429 685 480 726; x_wconf 91' lang='lat' dir='ltr'><strong>P.</strong></span> <span class='ocrx_word' id='word_1_63' title='bbox 509 684 718 728; x_wconf 81' lang='lat' dir='ltr'><strong>Natalem</strong></span> <span class='ocrx_word' id='word_1_64' title='bbox 740 698 824 727; x_wconf 93' lang='lat' dir='ltr'><strong>suo</strong></span> <span class='ocrx_word' id='word_1_65' title='bbox 846 683 1029 727; x_wconf 91' lang='lat' dir='ltr'><strong>nomine</strong></span> <span class='ocrx_word' id='word_1_66' title='bbox 1045 682 1229 726; x_wconf 86' lang='lat' dir='ltr'><strong>visitare</strong></span> <span class='ocrx_word' id='word_1_67' title='bbox 1246 681 1493 738; x_wconf 87' lang='lat' dir='ltr'><strong>collegium</strong></span> <span class='ocrx_word' id='word_1_68' title='bbox 1510 683 1597 724; x_wconf 90' lang='lat' dir='ltr'><strong>hoc</strong></span> <span class='ocrx_word' id='word_1_69' title='bbox 1614 680 1863 736; x_wconf 88' lang='lat' dir='ltr'><strong>iuuareque</strong></span> <span class='ocrx_word' id='word_1_70' title='bbox 1880 689 1978 726; x_wconf 88' lang='lat' dir='ltr'><strong>stu-</strong></span> 
     </span>
     <span class='ocr_line' id='line_1_9' title="bbox 346 741 914 800; baseline 0.002 -15"><span class='ocrx_word' id='word_1_71' title='bbox 346 741 420 786; x_wconf 88' lang='lat' dir='ltr'><strong>dia</strong></span> <span class='ocrx_word' id='word_1_72' title='bbox 442 750 598 786; x_wconf 90' lang='lat' dir='ltr'><strong>nostra</strong></span> <span class='ocrx_word' id='word_1_73' title='bbox 619 743 808 800; x_wconf 86' lang='lat' dir='ltr'><strong>dignata</strong></span> <span class='ocrx_word' id='word_1_74' title='bbox 830 750 914 788; x_wconf 89' lang='lat' dir='ltr'><strong>est.</strong></span> 
     </span>
    </p>
   </div>
   <div class='ocr_carea' id='block_1_4' title="bbox 890 855 1441 979">
    <p class='ocr_par' dir='ltr' id='par_1_5' title="bbox 890 855 1441 979">
     <span class='ocr_line' id='line_1_10' title="bbox 1047 855 1285 898; baseline -0.004 0"><span class='ocrx_word' id='word_1_75' title='bbox 1047 855 1285 898; x_wconf 90' lang='lat' dir='ltr'>XXXVIII</span> 
     </span>
     <span class='ocr_line' id='line_1_11' title="bbox 890 941 1441 979; baseline -0.004 0"><span class='ocrx_word' id='word_1_76' title='bbox 890 945 934 979; x_wconf 90' lang='lat' dir='ltr'>B.</span> <span class='ocrx_word' id='word_1_77' title='bbox 964 943 1168 979; x_wconf 90' lang='lat' dir='ltr'><strong>PETRUS</strong></span> <span class='ocrx_word' id='word_1_78' title='bbox 1194 941 1441 978; x_wconf 90' lang='lat' dir='ltr'>CANISIUS</span> 
     </span>
    </p>
   </div>
   <div class='ocr_carea' id='block_1_5' title="bbox 715 1032 1614 1166">
    <p class='ocr_par' dir='ltr' id='par_1_6' title="bbox 715 1032 1614 1166">
     <span class='ocr_line' id='line_1_12' title="bbox 715 1032 1614 1072; baseline -0.003 -7"><span class='ocrx_word' id='word_1_79' title='bbox 715 1035 929 1065; x_wconf 88' lang='lat' dir='ltr'><strong>SANCTO</strong></span> <span class='ocrx_word' id='word_1_80' title='bbox 971 1033 1285 1064; x_wconf 81' lang='lat' dir='ltr'>FRANCISCO</span> <span class='ocrx_word' id='word_1_81' title='bbox 1328 1033 1397 1062; x_wconf 86' lang='lat' dir='ltr'><strong>DE</strong></span> <span class='ocrx_word' id='word_1_82' title='bbox 1440 1032 1614 1072; x_wconf 84' lang='lat' dir='ltr'><strong>BORJA</strong></span> 
     </span>
     <span class='ocr_line' id='line_1_13' title="bbox 813 1108 1515 1166; baseline -0.003 -13"><span class='ocrx_word' id='word_1_83' title='bbox 813 1109 1072 1166; x_wconf 84' lang='lat' dir='ltr'><strong>Herbipoli,</strong></span> <span class='ocrx_word' id='word_1_84' title='bbox 1105 1122 1155 1152; x_wconf 91' lang='lat' dir='ltr'><strong>IO</strong></span> <span class='ocrx_word' id='word_1_85' title='bbox 1178 1108 1327 1152; x_wconf 88' lang='lat' dir='ltr'><strong>Martii</strong></span> <span class='ocrx_word' id='word_1_86' title='bbox 1355 1109 1463 1162; x_wconf 84' lang='lat'>1567</span> <span class='ocrx_word' id='word_1_87' title='bbox 1487 1110 1515 1151; x_wconf 84' lang='lat'>¹.</span> 
     </span>
    </p>
   </div>
   <div class='ocr_carea' id='block_1_6' title="bbox 427 1196 1897 1304">
    <p class='ocr_par' dir='ltr' id='par_1_7' title="bbox 427 1196 1897 1304">
     <span class='ocr_line' id='line_1_14' title="bbox 427 1196 1897 1245; baseline -0.002 -11"><span class='ocrx_word' id='word_1_88' title='bbox 427 1199 486 1234; x_wconf 79' lang='lat' dir='ltr'><strong>De</strong></span> <span class='ocrx_word' id='word_1_89' title='bbox 504 1199 701 1243; x_wconf 78' lang='lat' dir='ltr'><strong>facultate</strong></span> <span class='ocrx_word' id='word_1_90' title='bbox 719 1199 896 1245; x_wconf 75' lang='lat' dir='ltr'><strong>relapsos</strong></span> <span class='ocrx_word' id='word_1_91' title='bbox 913 1198 958 1233; x_wconf 82' lang='lat' dir='ltr'><strong>in</strong></span> <span class='ocrx_word' id='word_1_92' title='bbox 974 1198 1171 1233; x_wconf 81' lang='lat' dir='ltr'><strong>haeresim</strong></span> <span class='ocrx_word' id='word_1_93' title='bbox 1190 1197 1433 1232; x_wconf 75' lang='lat' dir='ltr'><strong>absolvendi:</strong></span> <span class='ocrx_word' id='word_1_94' title='bbox 1453 1197 1499 1232; x_wconf 85' lang='lat' dir='ltr'><strong>de</strong></span> <span class='ocrx_word' id='word_1_95' title='bbox 1518 1198 1719 1232; x_wconf 78' lang='lat' dir='ltr'><strong>dotatione</strong></span> <span class='ocrx_word' id='word_1_96' title='bbox 1737 1196 1897 1245; x_wconf 81' lang='lat' dir='ltr'><strong>collegii</strong></span> 
     </span>
     <span class='ocr_line' id='line_1_15' title="bbox 1056 1257 1279 1304; baseline -0.004 -12"><span class='ocrx_word' id='word_1_97' title='bbox 1056 1257 1279 1304; x_wconf 67' lang='lat' dir='ltr'><strong>dilingam.</strong></span> 
     </span>
    </p>
   </div>
   <div class='ocr_carea' id='block_1_7' title="bbox 316 1333 1975 2637">
    <p class='ocr_par' dir='ltr' id='par_1_8' title="bbox 316 1333 1975 2637">
     <span class='ocr_line' id='line_1_16' title="bbox 433 1333 1974 1391; baseline -0.001 -13"><span class='ocrx_word' id='word_1_98' title='bbox 433 1335 606 1391; x_wconf 81' lang='lat' dir='ltr'><strong>Accepi</strong></span> <span class='ocrx_word' id='word_1_99' title='bbox 623 1349 739 1390; x_wconf 84' lang='lat' dir='ltr'><strong>quae</strong></span> <span class='ocrx_word' id='word_1_100' title='bbox 756 1334 933 1390; x_wconf 80' lang='lat' dir='ltr'><strong>scripsit</strong></span> <span class='ocrx_word' id='word_1_101' title='bbox 951 1336 1088 1377; x_wconf 90' lang='lat' dir='ltr'><strong>adme</strong></span> <span class='ocrx_word' id='word_1_102' title='bbox 1108 1336 1222 1377; x_wconf 81' lang='lat' dir='ltr'><strong>P.tas</strong></span> <span class='ocrx_word' id='word_1_103' title='bbox 1237 1333 1323 1377; x_wconf 53' lang='lat' dir='ltr'><strong>VJ*</strong></span> <span class='ocrx_word' id='word_1_104' title='bbox 1341 1333 1408 1376; x_wconf 79' lang='lat'><strong>8.⁰</strong></span> <span class='ocrx_word' id='word_1_105' title='bbox 1427 1340 1471 1377; x_wconf 91' lang='lat' dir='ltr'><strong>et</strong></span> <span class='ocrx_word' id='word_1_106' title='bbox 1490 1333 1817 1391; x_wconf 84' lang='lat' dir='ltr'><strong>25.⁰Januarij.</strong></span> <span class='ocrx_word' id='word_1_107' title='bbox 1840 1335 1974 1390; x_wconf 78' lang='lat' dir='ltr'><strong>Quod</strong></span> 
     </span>
     <span class='ocr_line' id='line_1_17' title="bbox 316 1392 1975 1449; baseline 0.001 -12"><span class='ocrx_word' id='word_1_108' title='bbox 316 1414 319 1415; x_wconf 44' lang='lat'><em>⁷</em></span> <span class='ocrx_word' id='word_1_109' title='bbox 344 1395 400 1437; x_wconf 91' lang='lat' dir='ltr'><strong>ad</strong></span> <span class='ocrx_word' id='word_1_110' title='bbox 419 1395 679 1438; x_wconf 82' lang='lat' dir='ltr'><strong>facultatem</strong></span> <span class='ocrx_word' id='word_1_111' title='bbox 698 1395 894 1449; x_wconf 91' lang='lat' dir='ltr'><strong>relapsos</strong></span> <span class='ocrx_word' id='word_1_112' title='bbox 913 1394 984 1436; x_wconf 91' lang='lat' dir='ltr'><strong>hic</strong></span> <span class='ocrx_word' id='word_1_113' title='bbox 1003 1393 1285 1445; x_wconf 86' lang='lat' dir='ltr'><strong>absoluendi,</strong></span> <span class='ocrx_word' id='word_1_114' title='bbox 1307 1393 1452 1436; x_wconf 88' lang='lat' dir='ltr'><strong>sentio</strong></span> <span class='ocrx_word' id='word_1_115' title='bbox 1470 1392 1589 1436; x_wconf 87' lang='lat' dir='ltr'><strong>idem</strong></span> <span class='ocrx_word' id='word_1_116' title='bbox 1606 1394 1727 1448; x_wconf 88' lang='lat' dir='ltr'><strong>quod</strong></span> <span class='ocrx_word' id='word_1_117' title='bbox 1745 1395 1793 1436; x_wconf 93' lang='lat' dir='ltr'><strong>R.</strong></span> <span class='ocrx_word' id='word_1_118' title='bbox 1817 1396 1867 1437; x_wconf 88' lang='lat' dir='ltr'><strong>P.</strong></span> <span class='ocrx_word' id='word_1_119' title='bbox 1887 1396 1975 1438; x_wconf 84' lang='lat' dir='ltr'><strong>Na-</strong></span> 
     </span>
     <span class='ocr_line' id='line_1_18' title="bbox 343 1452 1974 1510; baseline 0 -14"><span class='ocrx_word' id='word_1_120' title='bbox 343 1454 461 1506; x_wconf 89' lang='lat' dir='ltr'><strong>talis,</strong></span> <span class='ocrx_word' id='word_1_121' title='bbox 486 1454 727 1510; x_wconf 83' lang='lat' dir='ltr'><strong>largiorem</strong></span> <span class='ocrx_word' id='word_1_122' title='bbox 750 1453 1131 1508; x_wconf 78' lang='lat' dir='ltr'><strong>dispensationem</strong></span> <span class='ocrx_word' id='word_1_123' title='bbox 1156 1452 1286 1495; x_wconf 83' lang='lat' dir='ltr'><strong>nobis</strong></span> <span class='ocrx_word' id='word_1_124' title='bbox 1308 1452 1609 1496; x_wconf 88' lang='lat' dir='ltr'><strong>necessariam</strong></span> <span class='ocrx_word' id='word_1_125' title='bbox 1628 1467 1741 1496; x_wconf 89' lang='lat' dir='ltr'><strong>esse.</strong></span> <span class='ocrx_word' id='word_1_126' title='bbox 1765 1455 1860 1497; x_wconf 93' lang='lat' dir='ltr'><strong>Nec</strong></span> <span class='ocrx_word' id='word_1_127' title='bbox 1877 1453 1974 1496; x_wconf 93' lang='lat' dir='ltr'><strong>ido-</strong></span> 
     </span>
     <span class='ocr_line' id='line_1_19' title="bbox 344 1512 1974 1566; baseline 0 -10"><span class='ocrx_word' id='word_1_128' title='bbox 344 1513 417 1556; x_wconf 90' lang='lat' dir='ltr'><strong>nei</strong></span> <span class='ocrx_word' id='word_1_129' title='bbox 440 1521 547 1556; x_wconf 90' lang='lat' dir='ltr'><strong>sunt</strong></span> <span class='ocrx_word' id='word_1_130' title='bbox 570 1521 770 1556; x_wconf 85' lang='lat' dir='ltr'><strong>rectores</strong></span> <span class='ocrx_word' id='word_1_131' title='bbox 792 1513 848 1556; x_wconf 90' lang='lat' dir='ltr'><strong>ad</strong></span> <span class='ocrx_word' id='word_1_132' title='bbox 871 1528 968 1555; x_wconf 92' lang='lat' dir='ltr'><strong>eam</strong></span> <span class='ocrx_word' id='word_1_133' title='bbox 992 1513 1310 1564; x_wconf 82' lang='lat' dir='ltr'><strong>exercendam,</strong></span> <span class='ocrx_word' id='word_1_134' title='bbox 1337 1527 1428 1555; x_wconf 89' lang='lat' dir='ltr'><strong>non</strong></span> <span class='ocrx_word' id='word_1_135' title='bbox 1457 1512 1616 1554; x_wconf 89' lang='lat' dir='ltr'><strong>doctor</strong></span> <span class='ocrx_word' id='word_1_136' title='bbox 1639 1512 1858 1566; x_wconf 89' lang='lat' dir='ltr'><strong>Lanoius,</strong></span> <span class='ocrx_word' id='word_1_137' title='bbox 1885 1527 1974 1556; x_wconf 90' lang='lat' dir='ltr'><strong>non</strong></span> 
     </span>
     <span class='ocr_line' id='line_1_20' title="bbox 346 1571 1973 1627; baseline -0.001 -11"><span class='ocrx_word' id='word_1_138' title='bbox 346 1575 398 1616; x_wconf 89' lang='lat' dir='ltr'>P.</span> <span class='ocrx_word' id='word_1_139' title='bbox 420 1573 717 1615; x_wconf 86' lang='lat' dir='ltr'><strong>Dominicus·</strong></span> <span class='ocrx_word' id='word_1_140' title='bbox 728 1606 736 1625; x_wconf 81' lang='lat'><strong>,</strong></span> <span class='ocrx_word' id='word_1_141' title='bbox 759 1587 849 1614; x_wconf 88' lang='lat' dir='ltr'><strong>non</strong></span> <span class='ocrx_word' id='word_1_142' title='bbox 870 1573 1036 1615; x_wconf 78' lang='lat' dir='ltr'><strong>frater⁵</strong></span> <span class='ocrx_word' id='word_1_143' title='bbox 1057 1572 1207 1623; x_wconf 88' lang='lat' dir='ltr'><strong>etiam,</strong></span> <span class='ocrx_word' id='word_1_144' title='bbox 1224 1571 1300 1626; x_wconf 87' lang='lat' dir='ltr'><strong>qui</strong></span> <span class='ocrx_word' id='word_1_145' title='bbox 1319 1578 1396 1614; x_wconf 91' lang='lat' dir='ltr'><strong>aut</strong></span> <span class='ocrx_word' id='word_1_146' title='bbox 1414 1579 1606 1627; x_wconf 78' lang='lat' dir='ltr'><strong>imperlti</strong></span> <span class='ocrx_word' id='word_1_147' title='bbox 1623 1579 1730 1614; x_wconf 89' lang='lat' dir='ltr'><strong>sunt</strong></span> <span class='ocrx_word' id='word_1_148' title='bbox 1747 1573 1973 1627; x_wconf 90' lang='lat' dir='ltr'><strong>germani-</strong></span> 
     </span>
     <span class='ocr_line' id='line_1_21' title="bbox 343 1631 1972 1697; baseline -0.001 -22"><span class='ocrx_word' id='word_1_149' title='bbox 343 1646 424 1675; x_wconf 91' lang='lat' dir='ltr'><strong>cae</strong></span> <span class='ocrx_word' id='word_1_150' title='bbox 441 1632 641 1688; x_wconf 84' lang='lat' dir='ltr'><strong>linguae,</strong></span> <span class='ocrx_word' id='word_1_151' title='bbox 657 1639 733 1675; x_wconf 87' lang='lat' dir='ltr'><strong>aut</strong></span> <span class='ocrx_word' id='word_1_152' title='bbox 752 1632 921 1674; x_wconf 90' lang='lat' dir='ltr'><strong>nullam</strong></span> <span class='ocrx_word' id='word_1_153' title='bbox 939 1633 1107 1675; x_wconf 85' lang='lat' dir='ltr'><strong>habent</strong></span> <span class='ocrx_word' id='word_1_154' title='bbox 1124 1631 1488 1674; x_wconf 85' lang='lat' dir='ltr'><strong>commoditatem</strong></span> <span class='ocrx_word' id='word_1_155' title='bbox 1507 1645 1611 1673; x_wconf 92' lang='lat' dir='ltr'><strong>cum</strong></span> <span class='ocrx_word' id='word_1_156' title='bbox 1629 1631 1814 1697; x_wconf 87' lang='lat' dir='ltr'><strong>relapsis</strong></span> <span class='ocrx_word' id='word_1_157' title='bbox 1832 1646 1972 1688; x_wconf 88' lang='lat' dir='ltr'><strong>agen-</strong></span> 
     </span>
     <span class='ocr_line' id='line_1_22' title="bbox 343 1670 1970 1746; baseline 0 -12"><span class='ocrx_word' id='word_1_158' title='bbox 343 1691 424 1736; x_wconf 86' lang='lat' dir='ltr'><strong>di..</strong></span> <span class='ocrx_word' id='word_1_159' title='bbox 437 1670 650 1735; x_wconf 64' lang='lat' dir='ltr'><strong>,R&#39;mum</strong></span> <span class='ocrx_word' id='word_1_160' title='bbox 678 1692 693 1711; x_wconf 63' lang='lat'>4</span> <span class='ocrx_word' id='word_1_161' title='bbox 719 1692 938 1734; x_wconf 89' lang='lat' dir='ltr'><strong>habemus</strong></span> <span class='ocrx_word' id='word_1_162' title='bbox 960 1693 1186 1734; x_wconf 86' lang='lat' dir='ltr'><strong>fauentem</strong></span> <span class='ocrx_word' id='word_1_163' title='bbox 1212 1690 1356 1742; x_wconf 90' lang='lat' dir='ltr'><strong>nobis,</strong></span> <span class='ocrx_word' id='word_1_164' title='bbox 1384 1690 1460 1745; x_wconf 89' lang='lat' dir='ltr'><strong>qui</strong></span> <span class='ocrx_word' id='word_1_165' title='bbox 1483 1691 1616 1746; x_wconf 88' lang='lat' dir='ltr'><strong>plane</strong></span> <span class='ocrx_word' id='word_1_166' title='bbox 1638 1690 1762 1746; x_wconf 89' lang='lat' dir='ltr'><strong>cupit</strong></span> <span class='ocrx_word' id='word_1_167' title='bbox 1789 1705 1860 1734; x_wconf 91' lang='lat' dir='ltr'><strong>me</strong></span> <span class='ocrx_word' id='word_1_168' title='bbox 1883 1706 1970 1734; x_wconf 90' lang='lat' dir='ltr'><strong>non</strong></span> 
     </span>
     <span class='ocr_line' id='line_1_23' title="bbox 344 1728 1970 1806; baseline 0.001 -13"><span class='ocrx_word' id='word_1_169' title='bbox 344 1728 592 1804; x_wconf 81' lang='lat' dir='ltr'><strong>discedere,</strong></span> <span class='ocrx_word' id='word_1_170' title='bbox 619 1750 705 1793; x_wconf 87' lang='lat' dir='ltr'><strong>nisi</strong></span> <span class='ocrx_word' id='word_1_171' title='bbox 728 1750 882 1794; x_wconf 88' lang='lat' dir='ltr'><strong>relicto</strong></span> <span class='ocrx_word' id='word_1_172' title='bbox 911 1750 957 1792; x_wconf 89' lang='lat' dir='ltr'><strong>in</strong></span> <span class='ocrx_word' id='word_1_173' title='bbox 985 1750 1147 1793; x_wconf 89' lang='lat' dir='ltr'><strong>summi</strong></span> <span class='ocrx_word' id='word_1_174' title='bbox 1178 1750 1330 1806; x_wconf 90' lang='lat' dir='ltr'><strong>templi</strong></span> <span class='ocrx_word' id='word_1_175' title='bbox 1359 1751 1572 1794; x_wconf 89' lang='lat' dir='ltr'><strong>cathedra</strong></span> <span class='ocrx_word' id='word_1_176' title='bbox 1600 1764 1894 1794; x_wconf 82' lang='lat' dir='ltr'><strong>successore:</strong></span> <span class='ocrx_word' id='word_1_177' title='bbox 1918 1765 1970 1794; x_wconf 89' lang='lat' dir='ltr'><strong>ac</strong></span> 
     </span>
     <span class='ocr_line' id='line_1_24' title="bbox 343 1809 1968 1866; baseline 0 -13"><span class='ocrx_word' id='word_1_178' title='bbox 343 1818 578 1866; x_wconf 89' lang='lat' dir='ltr'><strong>praeterea</strong></span> <span class='ocrx_word' id='word_1_179' title='bbox 596 1824 862 1865; x_wconf 87' lang='lat' dir='ltr'><strong>responsum</strong></span> <span class='ocrx_word' id='word_1_180' title='bbox 883 1812 934 1852; x_wconf 91' lang='lat' dir='ltr'>P.</span> <span class='ocrx_word' id='word_1_181' title='bbox 957 1811 1013 1853; x_wconf 92' lang='lat' dir='ltr'>V.</span> <span class='ocrx_word' id='word_1_182' title='bbox 1035 1810 1259 1853; x_wconf 86' lang='lat' dir='ltr'><strong>desiderat</strong></span> <span class='ocrx_word' id='word_1_183' title='bbox 1282 1810 1338 1851; x_wconf 93' lang='lat' dir='ltr'><strong>de</strong></span> <span class='ocrx_word' id='word_1_184' title='bbox 1356 1809 1588 1853; x_wconf 87' lang='lat' dir='ltr'><strong>dotatione</strong></span> <span class='ocrx_word' id='word_1_185' title='bbox 1606 1809 1782 1865; x_wconf 87' lang='lat' dir='ltr'><strong>collegij</strong></span> <span class='ocrx_word' id='word_1_186' title='bbox 1804 1810 1968 1853; x_wconf 86' lang='lat' dir='ltr'><strong>admis-</strong></span> 
     </span>
     <span class='ocr_line' id='line_1_25' title="bbox 343 1868 1963 1925; baseline 0 -13"><span class='ocrx_word' id='word_1_187' title='bbox 343 1885 391 1913; x_wconf 89' lang='lat' dir='ltr'><strong>sa</strong></span> <span class='ocrx_word' id='word_1_188' title='bbox 414 1878 550 1924; x_wconf 86' lang='lat' dir='ltr'><strong>atque</strong></span> <span class='ocrx_word' id='word_1_189' title='bbox 570 1871 773 1925; x_wconf 89' lang='lat' dir='ltr'><strong>probata,</strong></span> <span class='ocrx_word' id='word_1_190' title='bbox 800 1869 917 1911; x_wconf 92' lang='lat' dir='ltr'><strong>sicut</strong></span> <span class='ocrx_word' id='word_1_191' title='bbox 940 1868 1058 1912; x_wconf 88' lang='lat' dir='ltr'><strong>illam</strong></span> <span class='ocrx_word' id='word_1_192' title='bbox 1082 1871 1130 1912; x_wconf 90' lang='lat' dir='ltr'>P.</span> <span class='ocrx_word' id='word_1_193' title='bbox 1157 1868 1360 1912; x_wconf 89' lang='lat' dir='ltr'><strong>visitator</strong></span> <span class='ocrx_word' id='word_1_194' title='bbox 1383 1869 1561 1911; x_wconf 89' lang='lat' dir='ltr'><strong>admisit</strong></span> <span class='ocrx_word' id='word_1_195' title='bbox 1579 1875 1623 1913; x_wconf 92' lang='lat' dir='ltr'><strong>et</strong></span> <span class='ocrx_word' id='word_1_196' title='bbox 1641 1869 1963 1925; x_wconf 87' lang='lat' dir='ltr'><strong>comprobauit.</strong></span> 
     </span>
     <span class='ocr_line' id='line_1_26' title="bbox 344 1928 1968 1985; baseline -0.001 -12"><span class='ocrx_word' id='word_1_197' title='bbox 344 1930 588 1985; x_wconf 85' lang='lat' dir='ltr'><strong>Speramus</strong></span> <span class='ocrx_word' id='word_1_198' title='bbox 622 1929 707 1972; x_wconf 89' lang='lat' dir='ltr'><strong>iam</strong></span> <span class='ocrx_word' id='word_1_199' title='bbox 741 1928 892 1971; x_wconf 86' lang='lat' dir='ltr'><strong>isthuc</strong></span> <span class='ocrx_word' id='word_1_200' title='bbox 924 1943 1022 1973; x_wconf 91' lang='lat' dir='ltr'><strong>esse</strong></span> <span class='ocrx_word' id='word_1_201' title='bbox 1056 1929 1275 1983; x_wconf 89' lang='lat' dir='ltr'><strong>perlatum</strong></span> <span class='ocrx_word' id='word_1_202' title='bbox 1308 1928 1550 1971; x_wconf 85' lang='lat' dir='ltr'><strong>dotationis</strong></span> <span class='ocrx_word' id='word_1_203' title='bbox 1583 1943 1664 1972; x_wconf 91' lang='lat' dir='ltr'><strong>seu</strong></span> <span class='ocrx_word' id='word_1_204' title='bbox 1697 1928 1968 1972; x_wconf 83' lang='lat' dir='ltr'><strong>fundationis</strong></span> 
     </span>
     <span class='ocr_line' id='line_1_27' title="bbox 343 1988 1968 2043; baseline 0.001 -13"><span class='ocrx_word' id='word_1_205' title='bbox 343 1989 479 2031; x_wconf 92' lang='lat' dir='ltr'><strong>huius</strong></span> <span class='ocrx_word' id='word_1_206' title='bbox 512 1989 863 2031; x_wconf 90' lang='lat' dir='ltr'><strong>instrumentum</strong></span> <span class='ocrx_word' id='word_1_207' title='bbox 902 1988 1230 2031; x_wconf 87' lang='lat' dir='ltr'><strong>authenticum.</strong></span> <span class='ocrx_word' id='word_1_208' title='bbox 1263 1989 1363 2043; x_wconf 83' lang='lat' dir='ltr'><strong>Ego</strong></span> <span class='ocrx_word' id='word_1_209' title='bbox 1389 2003 1497 2031; x_wconf 91' lang='lat' dir='ltr'><strong>uero</strong></span> <span class='ocrx_word' id='word_1_210' title='bbox 1528 1989 1584 2030; x_wconf 87' lang='lat' dir='ltr'><strong>ad</strong></span> <span class='ocrx_word' id='word_1_211' title='bbox 1610 1989 1661 2030; x_wconf 87' lang='lat' dir='ltr'>P.</span> <span class='ocrx_word' id='word_1_212' title='bbox 1694 1988 1968 2031; x_wconf 87' lang='lat' dir='ltr'><strong>visitatorem</strong></span> 
     </span>
     <span class='ocr_line' id='line_1_28' title="bbox 344 2047 1969 2103; baseline 0.001 -13"><span class='ocrx_word' id='word_1_213' title='bbox 344 2048 519 2103; x_wconf 87' lang='lat' dir='ltr'><strong>scripsi,</strong></span> <span class='ocrx_word' id='word_1_214' title='bbox 546 2050 662 2091; x_wconf 84' lang='lat' dir='ltr'><strong>forte</strong></span> <span class='ocrx_word' id='word_1_215' title='bbox 691 2047 834 2090; x_wconf 89' lang='lat' dir='ltr'><strong>tutius</strong></span> <span class='ocrx_word' id='word_1_216' title='bbox 863 2047 1205 2102; x_wconf 86' lang='lat' dir='ltr'><strong>consultiusque</strong></span> <span class='ocrx_word' id='word_1_217' title='bbox 1234 2047 1364 2089; x_wconf 88' lang='lat' dir='ltr'><strong>nobis</strong></span> <span class='ocrx_word' id='word_1_218' title='bbox 1393 2048 1503 2100; x_wconf 86' lang='lat' dir='ltr'><strong>fore,</strong></span> <span class='ocrx_word' id='word_1_219' title='bbox 1529 2047 1567 2090; x_wconf 95' lang='lat' dir='ltr'><strong>si</strong></span> <span class='ocrx_word' id='word_1_220' title='bbox 1596 2062 1685 2090; x_wconf 92' lang='lat' dir='ltr'><strong>non</strong></span> <span class='ocrx_word' id='word_1_221' title='bbox 1716 2048 1858 2103; x_wconf 88' lang='lat' dir='ltr'><strong>primo</strong></span> <span class='ocrx_word' id='word_1_222' title='bbox 1879 2055 1969 2091; x_wconf 89' lang='lat' dir='ltr'><strong>sta—</strong></span> 
     </span>
     <span class='ocr_line' id='line_1_29' title="bbox 345 2106 1969 2162; baseline 0.002 -14"><span class='ocrx_word' id='word_1_223' title='bbox 345 2107 423 2149; x_wconf 86' lang='lat' dir='ltr'><strong>tim</strong></span> <span class='ocrx_word' id='word_1_224' title='bbox 447 2122 565 2150; x_wconf 89' lang='lat' dir='ltr'><strong>anno</strong></span> <span class='ocrx_word' id='word_1_225' title='bbox 590 2114 655 2149; x_wconf 91' lang='lat' dir='ltr'><strong>tot</strong></span> <span class='ocrx_word' id='word_1_226' title='bbox 679 2108 844 2150; x_wconf 88' lang='lat' dir='ltr'><strong>classes</strong></span> <span class='ocrx_word' id='word_1_227' title='bbox 867 2109 955 2149; x_wconf 93' lang='lat' dir='ltr'><strong>hoc</strong></span> <span class='ocrx_word' id='word_1_228' title='bbox 983 2108 1082 2149; x_wconf 92' lang='lat' dir='ltr'><strong>loco</strong></span> <span class='ocrx_word' id='word_1_229' title='bbox 1114 2106 1462 2159; x_wconf 87' lang='lat' dir='ltr'><strong>instrueremus,</strong></span> <span class='ocrx_word' id='word_1_230' title='bbox 1489 2121 1603 2162; x_wconf 88' lang='lat' dir='ltr'><strong>quae</strong></span> <span class='ocrx_word' id='word_1_231' title='bbox 1633 2122 1704 2151; x_wconf 91' lang='lat' dir='ltr'><strong>res</strong></span> <span class='ocrx_word' id='word_1_232' title='bbox 1726 2107 1872 2150; x_wconf 90' lang='lat' dir='ltr'><strong>varias</strong></span> <span class='ocrx_word' id='word_1_233' title='bbox 1899 2122 1969 2151; x_wconf 88' lang='lat' dir='ltr'><strong>se—</strong></span> 
     </span>
     <span class='ocr_line' id='line_1_30' title="bbox 344 2166 1969 2210; baseline 0.001 -2"><span class='ocrx_word' id='word_1_234' title='bbox 344 2180 447 2208; x_wconf 89' lang='lat' dir='ltr'><strong>cum</strong></span> <span class='ocrx_word' id='word_1_235' title='bbox 481 2167 652 2210; x_wconf 84' lang='lat' dir='ltr'><strong>adferet</strong></span> <span class='ocrx_word' id='word_1_236' title='bbox 690 2166 1031 2210; x_wconf 72' lang='lat' dir='ltr'><strong>difficultates..</strong></span> <span class='ocrx_word' id='word_1_237' title='bbox 1065 2167 1234 2209; x_wconf 88' lang='lat' dir='ltr'><strong>Verum</strong></span> <span class='ocrx_word' id='word_1_238' title='bbox 1268 2168 1378 2208; x_wconf 85' lang='lat' dir='ltr'><strong>haec</strong></span> <span class='ocrx_word' id='word_1_239' title='bbox 1412 2166 1583 2209; x_wconf 91' lang='lat' dir='ltr'><strong>tardius</strong></span> <span class='ocrx_word' id='word_1_240' title='bbox 1617 2182 1642 2209; x_wconf 95' lang='lat' dir='ltr'><strong>a</strong></span> <span class='ocrx_word' id='word_1_241' title='bbox 1674 2181 1745 2209; x_wconf 91' lang='lat' dir='ltr'><strong>me</strong></span> <span class='ocrx_word' id='word_1_242' title='bbox 1784 2167 1969 2210; x_wconf 83' lang='lat' dir='ltr'><strong>fortasse</strong></span> 
     </span>
     <span class='ocr_line' id='line_1_31' title="bbox 343 2225 1968 2281; baseline 0.002 -15"><span class='ocrx_word' id='word_1_243' title='bbox 343 2225 625 2268; x_wconf 87' lang='lat' dir='ltr'><strong>nuntiantur.</strong></span> <span class='ocrx_word' id='word_1_244' title='bbox 652 2225 828 2269; x_wconf 86' lang='lat' dir='ltr'><strong>Deinde</strong></span> <span class='ocrx_word' id='word_1_245' title='bbox 852 2227 903 2268; x_wconf 91' lang='lat' dir='ltr'>P.</span> <span class='ocrx_word' id='word_1_246' title='bbox 930 2225 1133 2268; x_wconf 87' lang='lat' dir='ltr'><strong>visitator</strong></span> <span class='ocrx_word' id='word_1_247' title='bbox 1154 2225 1242 2268; x_wconf 91' lang='lat' dir='ltr'><strong>iam</strong></span> <span class='ocrx_word' id='word_1_248' title='bbox 1261 2232 1365 2269; x_wconf 90' lang='lat' dir='ltr'><strong>ante</strong></span> <span class='ocrx_word' id='word_1_249' title='bbox 1387 2226 1555 2281; x_wconf 88' lang='lat' dir='ltr'><strong>recepit</strong></span> <span class='ocrx_word' id='word_1_250' title='bbox 1577 2226 1899 2280; x_wconf 87' lang='lat' dir='ltr'><strong>conditionem,</strong></span> <span class='ocrx_word' id='word_1_251' title='bbox 1924 2233 1968 2269; x_wconf 88' lang='lat' dir='ltr'><strong>et</strong></span> 
     </span>
     <span class='ocr_line' id='line_1_32' title="bbox 342 2284 1966 2340; baseline 0.001 -14"><span class='ocrx_word' id='word_1_252' title='bbox 342 2284 545 2340; x_wconf 88' lang='lat' dir='ltr'><strong>promisit</strong></span> <span class='ocrx_word' id='word_1_253' title='bbox 568 2286 737 2336; x_wconf 86' lang='lat' dir='ltr'><strong>adfore,</strong></span> <span class='ocrx_word' id='word_1_254' title='bbox 764 2284 840 2339; x_wconf 89' lang='lat' dir='ltr'><strong>qui</strong></span> <span class='ocrx_word' id='word_1_255' title='bbox 863 2285 1054 2328; x_wconf 88' lang='lat' dir='ltr'><strong>Octobri</strong></span> <span class='ocrx_word' id='word_1_256' title='bbox 1077 2300 1229 2328; x_wconf 90' lang='lat' dir='ltr'><strong>mense</strong></span> <span class='ocrx_word' id='word_1_257' title='bbox 1251 2284 1358 2327; x_wconf 88' lang='lat' dir='ltr'><strong>satis</strong></span> <span class='ocrx_word' id='word_1_258' title='bbox 1380 2292 1531 2328; x_wconf 90' lang='lat' dir='ltr'><strong>essent</strong></span> <span class='ocrx_word' id='word_1_259' title='bbox 1548 2286 1603 2327; x_wconf 90' lang='lat' dir='ltr'><strong>ad</strong></span> <span class='ocrx_word' id='word_1_260' title='bbox 1621 2300 1784 2328; x_wconf 89' lang='lat' dir='ltr'><strong>nouem</strong></span> <span class='ocrx_word' id='word_1_261' title='bbox 1802 2286 1966 2329; x_wconf 88' lang='lat' dir='ltr'><strong>classes</strong></span> 
     </span>
     <span class='ocr_line' id='line_1_33' title="bbox 343 2344 1960 2397; baseline 0.001 -12"><span class='ocrx_word' id='word_1_262' title='bbox 343 2344 658 2386; x_wconf 90' lang='lat' dir='ltr'><strong>instituendas.</strong></span> <span class='ocrx_word' id='word_1_263' title='bbox 698 2347 934 2388; x_wconf 89' lang='lat' dir='ltr'><strong>Praeterea</strong></span> <span class='ocrx_word' id='word_1_264' title='bbox 966 2344 1193 2386; x_wconf 88' lang='lat' dir='ltr'><strong>difficilius</strong></span> <span class='ocrx_word' id='word_1_265' title='bbox 1227 2351 1295 2387; x_wconf 91' lang='lat' dir='ltr'><strong>est</strong></span> <span class='ocrx_word' id='word_1_266' title='bbox 1331 2344 1425 2387; x_wconf 87' lang='lat' dir='ltr'><strong>fere</strong></span> <span class='ocrx_word' id='word_1_267' title='bbox 1456 2345 1646 2388; x_wconf 89' lang='lat' dir='ltr'><strong>lectores</strong></span> <span class='ocrx_word' id='word_1_268' title='bbox 1683 2344 1960 2397; x_wconf 88' lang='lat' dir='ltr'><strong>inferiorum,</strong></span> 
     </span>
     <span class='ocr_line' id='line_1_34' title="bbox 342 2403 1963 2459; baseline 0.001 -14"><span class='ocrx_word' id='word_1_269' title='bbox 342 2417 477 2457; x_wconf 88' lang='lat' dir='ltr'><strong>quam</strong></span> <span class='ocrx_word' id='word_1_270' title='bbox 500 2403 782 2458; x_wconf 85' lang='lat' dir='ltr'><strong>superiorum</strong></span> <span class='ocrx_word' id='word_1_271' title='bbox 805 2403 1015 2446; x_wconf 88' lang='lat' dir='ltr'><strong>classium</strong></span> <span class='ocrx_word' id='word_1_272' title='bbox 1033 2405 1154 2455; x_wconf 87' lang='lat' dir='ltr'><strong>dare,</strong></span> <span class='ocrx_word' id='word_1_273' title='bbox 1175 2418 1255 2446; x_wconf 90' lang='lat' dir='ltr'><strong>eos</strong></span> <span class='ocrx_word' id='word_1_274' title='bbox 1272 2403 1391 2446; x_wconf 91' lang='lat' dir='ltr'><strong>enim</strong></span> <span class='ocrx_word' id='word_1_275' title='bbox 1409 2418 1648 2459; x_wconf 86' lang='lat' dir='ltr'><strong>germanos</strong></span> <span class='ocrx_word' id='word_1_276' title='bbox 1665 2418 1765 2448; x_wconf 91' lang='lat' dir='ltr'><strong>esse</strong></span> <span class='ocrx_word' id='word_1_277' title='bbox 1781 2418 1963 2447; x_wconf 90' lang='lat' dir='ltr'><strong>necesse</strong></span> 
     </span>
     <span class='ocr_line' id='line_1_35' title="bbox 341 2462 1962 2518; baseline 0.001 -13"><span class='ocrx_word' id='word_1_278' title='bbox 341 2469 425 2514; x_wconf 91' lang='lat' dir='ltr'><strong>est,</strong></span> <span class='ocrx_word' id='word_1_279' title='bbox 452 2476 645 2516; x_wconf 89' lang='lat' dir='ltr'><strong>quorum</strong></span> <span class='ocrx_word' id='word_1_280' title='bbox 669 2462 817 2517; x_wconf 89' lang='lat' dir='ltr'><strong>inopia</strong></span> <span class='ocrx_word' id='word_1_281' title='bbox 839 2462 884 2504; x_wconf 92' lang='lat' dir='ltr'><strong>in</strong></span> <span class='ocrx_word' id='word_1_282' title='bbox 906 2463 1109 2518; x_wconf 81' lang='lat' dir='ltr'><strong>collegiis</strong></span> <span class='ocrx_word' id='word_1_283' title='bbox 1125 2477 1260 2518; x_wconf 89' lang='lat' dir='ltr'><strong>saepe</strong></span> <span class='ocrx_word' id='word_1_284' title='bbox 1276 2463 1546 2506; x_wconf 87' lang='lat' dir='ltr'><strong>laboramus.</strong></span> <span class='ocrx_word' id='word_1_285' title='bbox 1570 2465 1695 2506; x_wconf 88' lang='lat' dir='ltr'><strong>Haec</strong></span> <span class='ocrx_word' id='word_1_286' title='bbox 1712 2463 1758 2505; x_wconf 92' lang='lat' dir='ltr'><strong>in</strong></span> <span class='ocrx_word' id='word_1_287' title='bbox 1776 2471 1962 2518; x_wconf 84' lang='lat' dir='ltr'><strong>Vtraque</strong></span> 
     </span>
     <span class='ocr_line' id='line_1_36' title="bbox 341 2521 1961 2578; baseline 0.001 -15"><span class='ocrx_word' id='word_1_288' title='bbox 341 2528 470 2576; x_wconf 88' lang='lat' dir='ltr'><strong>parte</strong></span> <span class='ocrx_word' id='word_1_289' title='bbox 499 2521 619 2563; x_wconf 88' lang='lat' dir='ltr'><strong>dicta</strong></span> <span class='ocrx_word' id='word_1_290' title='bbox 646 2521 757 2572; x_wconf 89' lang='lat' dir='ltr'><strong>sint,</strong></span> <span class='ocrx_word' id='word_1_291' title='bbox 784 2528 832 2563; x_wconf 85' lang='lat' dir='ltr'><strong>vt</strong></span> <span class='ocrx_word' id='word_1_292' title='bbox 860 2521 1027 2565; x_wconf 91' lang='lat' dir='ltr'><strong>iudicet</strong></span> <span class='ocrx_word' id='word_1_293' title='bbox 1060 2522 1227 2566; x_wconf 86' lang='lat' dir='ltr'><strong>rectius</strong></span> <span class='ocrx_word' id='word_1_294' title='bbox 1247 2524 1297 2566; x_wconf 92' lang='lat' dir='ltr'>P.</span> <span class='ocrx_word' id='word_1_295' title='bbox 1325 2523 1402 2575; x_wconf 86' lang='lat' dir='ltr'><strong>V.,</strong></span> <span class='ocrx_word' id='word_1_296' title='bbox 1428 2522 1559 2565; x_wconf 91' lang='lat' dir='ltr'><strong>cuius</strong></span> <span class='ocrx_word' id='word_1_297' title='bbox 1580 2536 1847 2578; x_wconf 89' lang='lat' dir='ltr'><strong>responsum</strong></span> <span class='ocrx_word' id='word_1_298' title='bbox 1875 2537 1961 2578; x_wconf 86' lang='lat' dir='ltr'><strong>ego</strong></span> 
     </span>
     <span class='ocr_line' id='line_1_37' title="bbox 341 2581 1265 2637; baseline 0.004 -15"><span class='ocrx_word' id='word_1_299' title='bbox 341 2594 444 2622; x_wconf 91' lang='lat' dir='ltr'><strong>cum</strong></span> <span class='ocrx_word' id='word_1_300' title='bbox 468 2581 596 2623; x_wconf 89' lang='lat' dir='ltr'><strong>Rmo.</strong></span> <span class='ocrx_word' id='word_1_301' title='bbox 625 2582 916 2623; x_wconf 88' lang='lat' dir='ltr'><strong>uehementer</strong></span> <span class='ocrx_word' id='word_1_302' title='bbox 936 2590 1124 2637; x_wconf 84' lang='lat' dir='ltr'><strong>expecto</strong></span> <span class='ocrx_word' id='word_1_303' title='bbox 1137 2615 1265 2626; x_wconf 89' lang='lat'>.....</span> 
     </span>
    </p>
   </div>
   <div class='ocr_carea' id='block_1_8' title="bbox 342 2710 1966 2991">
    <p class='ocr_par' dir='ltr' id='par_1_9' title="bbox 342 2710 1966 2816">
     <span class='ocr_line' id='line_1_38' title="bbox 419 2710 1966 2759; baseline 0.003 -15"><span class='ocrx_word' id='word_1_304' title='bbox 419 2713 428 2732; x_wconf 92' lang='lat'>¹</span> <span class='ocrx_word' id='word_1_305' title='bbox 479 2711 537 2745; x_wconf 89' lang='lat' dir='ltr'><strong>Ex</strong></span> <span class='ocrx_word' id='word_1_306' title='bbox 562 2711 816 2756; x_wconf 81' lang='lat' dir='ltr'><strong>autographO,</strong></span> <span class='ocrx_word' id='word_1_307' title='bbox 842 2710 881 2745; x_wconf 92' lang='lat' dir='ltr'><strong>in</strong></span> <span class='ocrx_word' id='word_1_308' title='bbox 906 2710 1034 2756; x_wconf 77' lang='lat' dir='ltr'><strong>Epist.</strong></span> <span class='ocrx_word' id='word_1_309' title='bbox 1066 2710 1238 2757; x_wconf 82' lang='lat' dir='ltr'><strong>Canisii,</strong></span> <span class='ocrx_word' id='word_1_310' title='bbox 1258 2712 1306 2755; x_wconf 89' lang='lat' dir='ltr'><strong>II,</strong></span> <span class='ocrx_word' id='word_1_311' title='bbox 1338 2711 1402 2746; x_wconf 89' lang='lat'><strong>188</strong></span> <span class='ocrx_word' id='word_1_312' title='bbox 1434 2713 1548 2757; x_wconf 76' lang='lat'>(407).</span> <span class='ocrx_word' id='word_1_313' title='bbox 1574 2712 1674 2747; x_wconf 88' lang='lat' dir='ltr'><strong>Vide</strong></span> <span class='ocrx_word' id='word_1_314' title='bbox 1692 2724 1780 2759; x_wconf 82' lang='lat' dir='ltr'><strong>pag.</strong></span> <span class='ocrx_word' id='word_1_315' title='bbox 1812 2711 1893 2758; x_wconf 84' lang='lat'>3493</span> <span class='ocrx_word' id='word_1_316' title='bbox 1927 2717 1966 2747; x_wconf 92' lang='lat' dir='ltr'><strong>et</strong></span> 
     </span>
     <span class='ocr_line' id='line_1_39' title="bbox 342 2769 651 2816; baseline -0.003 -12"><span class='ocrx_word' id='word_1_317' title='bbox 342 2769 510 2816; x_wconf 87' lang='lat' dir='ltr'><strong>append.</strong></span> <span class='ocrx_word' id='word_1_318' title='bbox 527 2769 651 2804; x_wconf 91' lang='lat' dir='ltr'><strong>XXX.</strong></span> 
     </span>
    </p>

    <p class='ocr_par' dir='ltr' id='par_1_10' title="bbox 414 2827 705 2873">
     <span class='ocr_line' id='line_1_40' title="bbox 414 2827 705 2873; baseline -0.003 -10"><span class='ocrx_word' id='word_1_319' title='bbox 414 2830 428 2850; x_wconf 70' lang='lat'><strong>2</strong></span> <span class='ocrx_word' id='word_1_320' title='bbox 479 2827 705 2873; x_wconf 89' lang='lat' dir='ltr'><strong>Menginus.</strong></span> 
     </span>
    </p>

    <p class='ocr_par' dir='ltr' id='par_1_11' title="bbox 412 2885 1355 2932">
     <span class='ocr_line' id='line_1_41' title="bbox 412 2885 1355 2932; baseline 0.001 -11"><span class='ocrx_word' id='word_1_321' title='bbox 412 2888 426 2908; x_wconf 77' lang='lat'><strong>³</strong></span> <span class='ocrx_word' id='word_1_322' title='bbox 476 2887 519 2921; x_wconf 91' lang='lat' dir='ltr'>P.</span> <span class='ocrx_word' id='word_1_323' title='bbox 539 2886 803 2922; x_wconf 89' lang='lat' dir='ltr'><strong>Theodoricus</strong></span> <span class='ocrx_word' id='word_1_324' title='bbox 821 2885 1016 2932; x_wconf 89' lang='lat' dir='ltr'><strong>Canisius,</strong></span> <span class='ocrx_word' id='word_1_325' title='bbox 1036 2885 1153 2922; x_wconf 84' lang='lat' dir='ltr'><strong>frater</strong></span> <span class='ocrx_word' id='word_1_326' title='bbox 1171 2887 1216 2921; x_wconf 90' lang='lat' dir='ltr'>B.</span> <span class='ocrx_word' id='word_1_327' title='bbox 1236 2887 1355 2922; x_wconf 87' lang='lat' dir='ltr'><strong>Petri.</strong></span> 
     </span>
    </p>

    <p class='ocr_par' dir='ltr' id='par_1_12' title="bbox 409 2945 971 2991">
     <span class='ocr_line' id='line_1_42' title="bbox 409 2945 971 2991; baseline 0.002 -10"><span class='ocrx_word' id='word_1_328' title='bbox 409 2948 425 2968; x_wconf 82' lang='lat'><strong>⁴</strong></span> <span class='ocrx_word' id='word_1_329' title='bbox 474 2947 504 2981; x_wconf 93' lang='lat' dir='ltr'>F</span> <span class='ocrx_word' id='word_1_330' title='bbox 507 2945 696 2982; x_wconf 88' lang='lat' dir='ltr'><strong>ridericus</strong></span> <span class='ocrx_word' id='word_1_331' title='bbox 714 2957 735 2981; x_wconf 88' lang='lat' dir='ltr'><strong>a</strong></span> <span class='ocrx_word' id='word_1_332' title='bbox 753 2945 971 2991; x_wconf 88' lang='lat' dir='ltr'><strong>Wirsberg.</strong></span> 
     </span>
    </p>
   </div>
  </div>
 </body>
</html>
