2101 3348
313 226 317 229 ⁴
376 243 423 280 70
895 230 1034 265 EPIST.
1063 227 1108 265 P.
1135 225 1405 273 NADAL-379

324 333 642 379 necessidades
667 346 756 386 que
780 331 822 373 la
848 328 1088 372 uisitacidn
1111 327 1184 370 del
1207 329 1260 371 P.
1286 327 1450 372 Sunier
1477 329 1535 370 ha
1566 327 1759 379 hellade,
1792 343 1878 383 que
1906 330 1962 372 de

327 411 485 456 uisitar
509 411 565 453 de
588 422 756 460 nueuo,
782 406 993 450 massime
1018 412 1095 447 tan
1120 412 1286 461 presto.
1313 405 1437 447 Hase
1469 405 1662 460 escripto
1694 408 1719 447 3
1755 405 1822 448 105
1854 420 1959 461 pro-

325 487 542 531 uinciales
571 485 643 528 del
676 486 836 528 Rheno
864 499 893 540 y
924 484 981 525 de
1009 483 1051 525 13
1079 480 1265 524 inferior
1297 482 1542 526 Germania
1573 496 1771 538 prouean
1805 482 1825 509 b
1851 497 1961 538 para

327 567 620 618 Brunsperga
643 563 700 605 de
725 576 785 603 un
807 560 1074 617 predieador
1096 575 1153 603 en
1175 559 1306 614 lugat
1329 559 1400 602 del
1424 560 1474 602 P.
1501 560 1646 602 Pedro
1671 559 1794 602 Phae
1822 560 1850 612 ¹,
1871 574 1959 615 que

327 644 427 683 sera'l
449 640 491 683 81
513 639 727 691 Astense,
753 653 781 694 y
804 639 861 682 (18
883 644 1005 680 otros
1028 637 1110 679 dos
1132 644 1353 679 maestros
1379 651 1409 691 y
1437 650 1500 678 un
1529 636 1778 689 coadiutor,
1813 652 1843 692 y
1870 651 1959 692 que

324 716 470 760 reside
508 716 580 758 alli
620 716 660 760 81
700 718 752 758 Ρ.
796 715 1030 758 Baithasar
1068 714 1100 766 ²3
1143 728 1172 769 y
1209 727 1316 769 para
1355 714 1521 756 Ρ1οΖ83
1550 729 1637 769 que
1665 729 1714 758 se
1742 715 1890 758 embie
1918 715 1960 757 31

328 795 380 836 Ρ.
403 795 525 850 Juan
549 807 735 835 morauo
759 794 791 845 ⁵,
824 807 853 848 y
882 792 1074 847 algunos
1103 797 1323 832 maestros
1355 798 1483 834 entre
1516 790 1694 835 Vienna
1730 806 1759 847 y
1791 793 1958 848 Praga,

324 884 435 926 para
457 870 537 912 dar
558 869 779 925 principio
801 875 896 913 este
920 882 1105 920 uesano,
1132 882 1315 923 aunque
1336 882 1443 923 para
1460 868 1501 910 81
1519 875 1690 912 autuno
1707 882 1756 911 se
1777 883 1961 912 comen-

328 950 464 1003 eare'tn
489 951 586 989 mas
609 953 917 990 enteramente
940 946 1006 987 135
1028 943 1260 987 lectiones.

419 1035 461 1076 7.
528 1024 581 1066 El
605 1024 831 1067 ofrecerse
855 1024 911 1066 V.
942 1024 995 1065 R.
1024 1036 1131 1078 para
1153 1022 1196 1064 13
1224 1035 1390 1077 guerra
1417 1023 1473 1065 de
1503 1023 1678 1078 Ungria
1707 1027 1732 1065 3
1765 1024 1828 1067 Su
1861 1025 1960 1067 Ma-

328 1101 507 1156 gestad,
533 1100 690 1156 pienso
712 1102 853 1142 hauer
874 1099 1067 1154 escripto
1090 1113 1179 1154 que
1202 1113 1260 1141 no
1282 1113 1444 1154 parece
1462 1099 1697 1151 Conuenir,
1719 1114 1900 1155 aunque
1917 1101 1960 1144 13

324 1177 475 1220 bueria
497 1177 716 1219 uoluntad
738 1181 974 1232 acceptarit
995 1175 1108 1218 Dios
1126 1182 1311 1219 nuestro
1329 1176 1475 1219 Sefior
1493 1176 1519 1218 4.
1541 1177 1610 1219 De
1627 1177 1819 1232 algunas
1837 1184 1959 1220 otras

329 1268 460 1297 80535
482 1253 699 1298 eseriuira
721 1254 762 1298 81
786 1256 839 1297 Ρ.
867 1254 1081 1306 Ρο13η80;
1107 1267 1164 1308 yo
1194 1254 1442 1296 solamente
1470 1253 1565 1296 dire
1599 1268 1686 1308 que
1718 1268 1789 1298 me
1821 1268 1959 1297 enco-

330 1331 512 1374 miendo
536 1333 702 1374 mueho
725 1346 782 1375 en
804 1332 869 1373 135
892 1330 1118 1373 orationes
1140 1345 1169 1386 y
1191 1330 1438 1373 sacrifieios
1466 1332 1522 1373 de
1551 1332 1608 1374 V.
1644 1333 1696 1374 R.
1735 1347 1760 1387 y
1795 1332 1851 1375 de
1883 1346 1963 1374 sus

331 1414 644 1464 compafierOS.
670 1409 740 1451 De
763 1410 921 1460 Roma,
949 1420 1004 1450 20
1027 1409 1083 1452 de
1107 1407 1238 1451 Abril
1274 1409 1403 1462 1566.
1443 1410 1513 1451 De
1545 1416 1665 1451 otras
1692 1423 1821 1451 cosas
1850 1423 1962 1464 pen-

328 1500 439 1528 5303
462 1484 668 1539 eseriuir,
693 1500 789 1528 mas
812 1500 951 1541 agora
973 1499 1061 1541 voy
1085 1486 1212 1529 fuera
1235 1486 1292 1530 de
1320 1500 1424 1529 casa
1452 1490 1478 1528 3
1505 1500 1612 1528 8053
1645 1501 1732 1542 que
1763 1485 1962 1542 inportat,

326 1578 354 1619 y
377 1567 441 1606 asi
466 1564 665 1618 quedara
694 1578 802 1619 para
825 1577 910 1606 con
939 1570 1054 1606 otro.
1082 1564 1180 1606 Con
1211 1564 1277 1606 las
1305 1571 1453 1607 cartas
1476 1565 1532 1606 de
1565 1565 1622 1607 V.
1658 1565 1711 1607 R.
1748 1579 1820 1608 me
1852 1578 1962 1607 eon-

327 1640 453 1682 50810
479 1640 528 1682 iii
550 1640 764 1683 Domina
792 1641 862 1684 De
885 1642 942 1683 V.
970 1641 1023 1683 R.
1050 1639 1199 1683 sieruo
1222 1640 1267 1684 in
1291 1642 1375 1684 Χ.Ο

1350 1718 1655 1776 [FRANCISCO]
1685 1725 1719 1761 (ἓ.
1911 1780 1914 1784 .

412 1793 659 1848 Inscriptio
682 1794 731 1836 in
754 1798 920 1849 quarta
935 1795 1135 1851 pagina:
1157 1794 1185 1852 †
1209 1796 1268 1838 Al
1292 1809 1400 1851 muy
1424 1797 1538 1838 Rdo.
1572 1811 1628 1840 en
1659 1798 1778 1851 Xpo.
1812 1797 1960 1840 Padre

324 1870 366 1913 el
390 1871 442 1912 Ρ.
471 1872 605 1913 Mtro.
633 1870 900 1915 Hier6nim0
923 1872 1083 1924 Nadal,
1111 1871 1328 1915 visitador
1351 1887 1408 1915 en
1430 1873 1496 1915 135
1520 1880 1679 1928 quatro
1699 1873 1962 1929 prouincias

325 1947 382 1989 de
404 1947 675 2003 Alemagna.
704 1949 772 1990 En
796 1949 1026 2004 Augusta.
1047 1949 1195 1991 Mami
1213 1951 1272 1992 P.
1287 1951 1516 2007 Jimenez:
1534 1952 1590 1993 N.
1614 1952 1665 1993 P.
1690 1963 1745 1993 20
1763 1951 1806 1993 d’
1827 1951 1959 2007 Apri-

322 2024 380 2077 18;
408 2038 434 2067 3
462 2036 511 2066 12
535 2025 591 2068 de
614 2024 764 2081 Μειξ.0
788 2027 888 2068 R.ta
923 2026 1175 2082 Vestigimn
1199 2027 1362 2083 sigilli.

1075 2119 1196 2159 :379

721 2191 772 2233 P.
817 2192 1285 2237 HIERONYMUS
1324 2194 1565 2236 NADAL

852 2267 1010 2302 PATRI
1038 2267 1234 2313 JOANNI
1261 2268 1439 2306 DIRSIO

750 2340 1041 2379 AUGUSTAE,
1069 2342 1119 2378 24
1146 2342 1341 2370 APRlLIS
1372 2334 1471 2378 1566
1492 2336 1518 2370 ⁵.

316 2405 350 2430 Ι.
371 2396 429 2431 Ne
443 2408 533 2432 cum
548 2397 702 2444 reginis
716 2398 762 2432 de
777 2398 872 2432 aliis
887 2398 1070 2444 negotiis,
1082 2402 1246 2445 praeter
1260 2411 1320 2440 ea,
1336 2411 1437 2445 quae
1451 2401 1505 2434 acl
1518 2411 1678 2435 sacrum
1689 2401 1960 2447 poenitentiae

366 2455 548 2491 tribunal
561 2459 750 2503 spectant,
767 2459 996 2503 pertractet.
1007 2478 1033 2482 —
1048 2467 1082 2494 2.
1100 2457 1157 2493 Ne
1171 2470 1342 2493 munera
1357 2459 1405 2493 ab
1421 2459 1503 2494 illis
1517 2461 1702 2506 accipiat,
1712 2461 1879 2507 exceptis
1895 2461 1958 2502 iis,

367 2526 468 2560 quae
486 2515 666 2562 infirmis
684 2517 1056 2562 destinantur.—3.
1080 2517 1190 2553 Haec
1207 2529 1245 2552 se
1264 2529 1422 2553 monere
1447 2519 1491 2553 ob
1510 2520 1670 2554 auditos
1688 2520 1730 2554 in
1751 2520 1867 2555 curia
1890 2532 1958 2555 ru-

364 2585 509 2615 mores,
529 2577 565 2609 et
583 2577 697 2610 caute
716 2576 760 2610 in
777 2576 850 2611 hac
867 2587 911 2611 re
925 2577 1220 2621 procedendum
1240 2577 1544 2612 animadvertit.

419 2652 455 2681 1.
524 2642 612 2683 Per
635 2639 777 2683 buoni
803 2648 849 2684 et
872 2642 990 2684 santi
1013 2641 1188 2697 rispetti
1217 2644 1275 2684 ho
1297 2643 1455 2685 uoluto
1479 2643 1641 2686 auisar’
1668 2659 1693 2686 3
1714 2646 1771 2687 V.
1798 2646 1852 2687 R.
1878 2647 1963 2689 che

392 2758 413 2784 b
464 2758 551 2792 Duo
582 2760 704 2794 verba
734 2771 848 2807 seqq.
886 2771 1000 2806 supra
1026 2772 1131 2796 vers.
1157 2759 1305 2795 addidit
1329 2760 1485 2795 libr.—c
1518 2762 1670 2797 Nomen
1702 2763 1745 2797 S.
1771 2762 1966 2798 Francisci

321 2816 498 2852 abcisum
516 2817 590 2853 fuit
609 2819 813 2864 religionis
834 2831 942 2865 ergo,
965 2832 986 2855 a
1004 2831 1171 2867 quonam
1191 2825 1230 2856 et
1247 2820 1413 2867 quando,
1435 2820 1671 2866 ignoramus.

398 2920 405 2939 ¹
460 2918 558 2954 Vide
583 2919 708 2966 Epist.
730 2921 892 2963 Natal.,
914 2921 965 2968 ΙΙ,
987 2921 1053 2956 661
1075 2926 1114 2956 et
1131 2921 1214 2966 674.

393 2979 406 2997 2'
457 2977 714 3013 Hostovinus.
909 2982 923 3001 ³
977 2981 1235 3016 Ascherman.
1404 2983 1418 3003 ⁴
1469 2981 1568 3017 Vide
1588 2981 1700 3028 epist.
1723 2980 1806 3027 366,
1821 2993 1858 3017 n.
1882 2990 1913 3016 Ι.

391 3036 405 3057 ⁵
454 3037 511 3070 Ex
531 3039 768 3084 apographo,
789 3051 810 3074 a
830 3039 1010 3085 Jimenez
1026 3039 1139 3086 jussu
1157 3039 1311 3076 Natalis
1331 3040 1575 3088 transcripto,
1591 3047 1630 3076 et
1648 3041 1808 3076 Romam
1828 3040 1959 3088 misso,
