2141 3358
584 210 840 246 PROOEMIUM
865 217 1006 245 TERTII
1032 216 1258 245 VOLUMINIS
1614 217 1686 243 XIX

100 321 295 370 ‘tumque
317 314 373 358 de
395 328 448 357 ea
468 313 602 355 domo
623 310 943 367 supprimenda
966 311 1251 354 deliberavit.
1285 310 1504 363 Tandem,
1531 309 1740 353 consulto

111 397 294 454 Borgia,
319 398 433 440 duos
454 394 602 439 socios
624 393 686 436 ibi
714 393 893 448 reliquit
916 393 962 435 in
985 394 1141 437 eadem
1171 395 1304 436 domo
1327 393 1736 446 dominicanorum,

114 481 190 524 ubi
213 481 623 532 commorabantur,
648 478 792 521 donec
815 476 936 519 aliud
954 491 979 519 a
1002 478 1258 533 praeposito
1287 476 1489 534 generali
1516 483 1740 520 statuere-

107 572 186 608 ‘tur
209 565 325 621 (355,
352 574 564 620 391-394,
589 561 705 616 465).-
733 561 873 602 Porro
895 559 941 602 in
969 560 1275 602 contractibus
1303 560 1619 603 fundationum
1644 574 1741 602 ma-

114 663 251 704 gnam
275 641 462 690 offendit
484 643 1006 696 Natalis'difficultatem,
1027 643 1195 698 duplici
1213 643 1494 698 potissimum
1512 644 1569 687 de
1587 657 1741 687 causa.

114 731 267 774 Primo
290 728 486 784 quidem,
518 726 815 783 collegiorum
847 725 1128 769 institutores
1160 726 1352 782 obligari
1385 726 1658 770 Societatem
1687 726 1745 768 ad

105 815 325 866 dandum,
351 819 525 868 praeter
547 811 788 867 magistros
807 810 970 852 artium
992 817 1036 852 et
1054 809 1320 861 litterarum,
1341 809 1476 852 etiam
1495 809 1745 852 conciona-

111 905 254 941 torem
276 903 321 940 et
348 894 602 951 theologiae
630 893 810 937 moralis
838 894 996 937 saltem
1035 908 1177 937 unum
1208 894 1424 936 lectorem
1455 894 1743 948 expetebant.

114 981 162 1023 ld
184 986 335 1023 autem
357 977 755 1021 constitutionibus
785 991 1042 1033 repugnare
1065 976 1321 1028 videbatur,
1356 976 1432 1018 ubi
1456 977 1510 1018 de
1535 975 1744 1031 collegio,

113 1078 207 1106 non
234 1064 290 1105 de
319 1061 612 1105 universitate
650 1060 926 1103 instituenda
963 1067 1190 1116 ageretur.
1233 1060 1391 1103 Altera
1420 1059 1663 1101 difficultas
1694 1073 1750 1101 ex

117 1146 290 1204 ingenti
309 1147 612 1202 professorum
635 1159 825 1187 numero
849 1143 1095 1198 oriebatur,
1121 1143 1197 1200 qui
1219 1143 1265 1185 in
1289 1144 1480 1185 formula
1501 1141 1750 1184 institutio-

119 1231 189 1274 nis
211 1230 505 1286 collegiorum
528 1228 965 1285 praescribebantur.
989 1228 1183 1271 Multum
1204 1227 1385 1282 quidem
1416 1226 1636 1269 laboravit
1659 1226 1754 1268 Na-

121 1315 238 1368 talis,
265 1322 316 1357 ut
337 1314 382 1356 in
404 1313 474 1356 his
497 1320 541 1356 et
564 1313 610 1355 in
632 1312 863 1355 dotatione
882 1311 1107 1367 exigenda
1130 1310 1303 1353 facilior
1334 1309 1562 1366 germanis
1591 1309 1755 1353 redde-

121 1406 245 1443 retur
262 1397 554 1454 collegiorum
574 1396 759 1441 erectio.
781 1397 866 1439 Ast
885 1395 962 1437 ubi
980 1395 1174 1451 Borgiae
1191 1402 1387 1438 mentem
1407 1410 1462 1438 ex
1480 1394 1577 1449 ejus
1595 1392 1756 1436 litteris

121 1481 353 1539 cognovit,
379 1480 493 1523 miro
517 1479 800 1524 obedientiae
818 1479 1022 1535 exemplo
1040 1478 1269 1534 proprium
1282 1477 1503 1533 judicium
1523 1475 1751 1532 deposuit,

123 1573 172 1608 ut
193 1579 278 1609 suo
300 1563 571 1608 moderatori
595 1578 762 1606 rnorem
786 1569 965 1619 gereret
989 1564 1220 1619 (439-445,
1241 1562 1458 1618 449-456,
1480 1561 1598 1616 477).

183 1647 478 1693 Colonienses
502 1661 698 1703 quoque,
719 1646 873 1688 multis
891 1645 1252 1689 adversariorum
1276 1643 1591 1687 vexationibus
1614 1643 1759 1685 obno—

126 1733 238 1785 xios,
264 1739 517 1788 opportune
535 1730 775 1773 admodum
804 1729 955 1772 invisit
973 1728 1161 1781 Natalis,
1183 1742 1353 1783 eosque
1373 1727 1563 1771 mirifice
1581 1741 1760 1770 recrea2

126 1817 206 1859 vit.
228 1817 323 1859 Nec
346 1815 491 1858 solum
515 1812 730 1857 verbis'et
752 1812 884 1856 solita
912 1827 992 1856 eos
1020 1812 1281 1855 affabilitate
1310 1810 1533 1853 consolari
1562 1809 1756 1862 studuit,

127 1900 209 1944 sed
230 1913 365 1954 opere
393 1898 521 1954 plura
550 1897 680 1939 valde
704 1896 829 1939 utilia
852 1895 1016 1949 effecit,
1048 1895 1165 1939 inter
1195 1909 1311 1951 quae
1348 1900 1598 1938 memoratu
1621 1893 1762 1949 digna

127 1990 197 2028 est
220 1983 294 2026 illa
316 1981 473 2038 petitio
492 1981 682 2038 Borgiae
706 1982 839 2033 facta,
865 1987 916 2022 ut
948 1980 1119 2024 litteras
1142 1977 1532 2023 commendatitias
1563 1993 1588 2020 a
1610 1977 1761 2033 ponti-

126 2068 212 2110 fice
238 2067 501 2123 postularet,
529 2080 640 2120 quas
663 2064 844 2120 quidem
867 2064 990 2108 dedit
1013 2063 1215 2119 pontifex
1249 2062 1349 2105 urbi
1381 2069 1426 2106 et
1459 2060 1760 2114 universitati,

128 2165 219 2193 non
237 2150 335 2193 sine
357 2162 534 2192 summo
556 2147 735 2204 collegii
753 2148 1059 2192 emolumento
1077 2147 1195 2203 (405,
1216 2146 1333 2201 406).
1362 2146 1610 2188 Pulchrum
1634 2143 1762 2186 insu—

127 2248 209 2290 per
225 2232 345 2274 illius
368 2231 547 2287 collegii
569 2230 768 2286 elogium
791 2229 969 2286 scripsit
992 2229 1181 2282 Natalis,
1208 2228 1285 2271 ubi
1303 2230 1413 2271 haec
1436 2227 1553 2271 inter
1571 2226 1656 2269 alia
1679 2227 1763 2268 ha-

130 2317 312 2360 bentur:
343 2317 546 2371 «Questo
568 2314 776 2370 collegio,
806 2314 966 2365 Padre,
993 2313 1016 2357 ὲ
1040 2313 1177 2355 molto
1200 2311 1326 2364 utile,
1346 2319 1391 2354 et
1415 2312 1552 2353 molto
1574 2323 1761 2366 pouero,

131 2406 180 2444 et
202 2402 261 2442 ho
283 2414 361 2456 per
383 2406 507 2443 certo
530 2400 614 2441 che
637 2398 760 2440 Iddio
784 2396 1105 2454 specialmente
1132 2409 1353 2439 concorre
1374 2409 1461 2437 con
1484 2408 1585 2438 esso
1608 2399 1654 2435 et
1676 2392 1766 2435 co’l

135 2490 276 2527 rettor
297 2497 398 2527 suo.
424 2484 481 2525 Et
505 2482 766 2535 realmente,
793 2495 922 2524 come
944 2481 1006 2523 mi
1027 2495 1111 2523 son
1133 2478 1460 2535 marauegliato
1482 2478 1620 2520 molte
1643 2476 1766 2520 uolte

130 2566 209 2610 del
231 2566 425 2622 collegio
447 2567 504 2609 de
525 2567 684 2617 Roma,
706 2579 834 2609 come
852 2564 889 2607 si
907 2570 1128 2615 sustenta,
1150 2562 1243 2606 cosi
1267 2576 1432 2605 ancora
1454 2561 1498 2604 di
1522 2567 1683 2617 questo
1707 2558 1767 2601 mi

132 2649 427 2706 maraueglio;
453 2656 498 2693 et
519 2650 671 2701 credo,
696 2649 857 2700 Padre,
884 2648 971 2690 che
995 2649 1032 2689 c’
1058 2647 1080 2689 e
1105 2646 1297 2702 qualche
1325 2659 1546 2688 concorso
1574 2642 1767 2699 speciale

128 2731 203 2774 del
227 2731 410 2788 signore
432 2731 576 2783 Iddio,
601 2745 681 2787 per
703 2730 732 2772 il
755 2745 869 2787 gran
893 2731 1034 2772 frutto
1056 2730 1142 2772 che
1165 2731 1200 2772 s’
1226 2728 1249 2771 ὲ
1280 2729 1392 2771 fatto
1422 2727 1467 2770 in
1496 2733 1656 2782 questa
1679 2724 1768 2767 cita

130 2820 180 2858 et
196 2814 445 2870 prouincia,
471 2821 515 2859 et
538 2815 576 2857 s'
601 2820 777 2870 aspetta
801 2811 1004 2870 magiore
1027 2827 1112 2855 con
1135 2813 1179 2854 la
1208 2811 1364 2854 diuina
1385 2809 1549 2867 gratia,
1575 2807 1769 2853 essendo

131 2898 220 2940 che
242 2897 280 2939 si
302 2899 347 2939 fa
378 2896 486 2953 ogni
508 2911 615 2940 cosa
651 2903 919 2953 puramente
941 2911 1022 2952 per
1059 2895 1219 2938 aiutar’
1245 2895 1276 2936 l’
1302 2893 1450 2937 anime
1471 2899 1518 2936 et
1545 2892 1714 2934 seruar’
1739 2888 1770 2930 il

137 2979 203 3022 fin
219 2980 291 3023 del
314 2988 469 3023 nostro
491 2979 726 3023 instituto»
755 2978 1003 3037 (427-429).
