2101 3348
746 228 787 254 12
814 220 1060 255 DECEMBms
1090 218 1180 263 1566
1667 216 1731 253 331

143 322 230 365 Dio
254 322 290 364 si
323 323 365 364 lo
388 321 612 364 conserui.
656 322 820 365 Carolo
860 321 1027 365 Ursino
1049 322 1074 364 e
1112 327 1280 364 restato
1316 335 1396 377 per
1432 320 1716 376 philosophia
1737 320 1785 362 in

145 399 421 455 Ingolstadio
456 400 482 441 ¹.
509 400 544 441 Il
582 401 636 442 P.
663 399 806 442 Mario
844 406 889 443 et
926 398 1148 442 Giacomo
1183 411 1415 454 genouese
1441 397 1488 440 in
1521 396 1783 450 Monachio‚

146 478 175 518 l’
203 491 295 519 uno
319 492 397 533 per
429 483 624 519 maestro
661 478 717 520 de
753 475 940 531 nouicij,
982 477 1010 517 l'
1052 477 1165 519 altro
1203 490 1283 531 per
1311 490 1395 518 suo
1425 473 1714 531 compagnio.
1749 476 1783 517 ll

150 556 202 597 Ρ.
229 554 455 610 Gregorio
480 555 494 575 ²
518 568 598 610 per
615 553 848 609 superiore
866 561 910 597 et
928 552 1208 609 predicatore
1225 552 1272 595 in
1291 553 1521 608 Augusta;
1544 559 1588 594 et
1612 551 1784 595 Mathia

149 646 228 686 per
260 625 534 674 coadiutore.
576 630 902 686 Christophoro
942 629 1216 685 enipontano
1254 629 1300 673 in
1323 628 1564 673 Monachio
1596 643 1676 685 per
1699 630 1780 672 far’

149 722 239 750 una
257 709 414 760 classe,
433 708 476 750 la
500 705 569 749 λε’
587 706 631 749 di
649 706 961 762 grammatica.
989 708 1123 749 Mtro.
1153 706 1304 750 Pietro
1322 706 1584 750 coloniense
1602 707 1615 726 ³
1636 705 1681 747 in
1699 705 1777 748 Di-

145 784 285 840 linga,
312 790 506 827 maestro
543 784 600 825 de
636 782 881 825 humanita.
924 785 1058 826 Mtro.
1101 783 1304 839 Georgio
1343 784 1376 836 ⁴,
1408 783 1480 826 del
1518 783 1651 838 quale
1680 782 1716 825 si
1741 782 1781 824 fa

144 861 334 917 disegno
355 875 435 916 per
457 859 710 915 Herbipoli,
736 873 785 902 se
815 874 906 902 non
929 859 966 902 si
998 860 1088 915 puo
1112 861 1268 904 hauer’
1301 861 1413 903 altro
1443 867 1627 911 rettore,
1665 866 1784 903 resta

143 937 187 979 in
205 937 391 993 Dilinga
412 936 774 989 essercitandosi‚
810 944 938 992 parte
966 935 1011 978 in
1044 939 1181 980 esser'
1207 937 1428 990 ministro,
1461 944 1588 994 parte
1616 937 1662 979 in
1685 944 1783 979 stu-

143 1015 255 1058 diar'
281 1013 508 1071 theologia
544 1029 625 1070 per
647 1029 713 1057 se.
754 1015 930 1069 Questa
958 1015 982 1057 e
1021 1014 1063 1056 la
1100 1013 1419 1057 distributione
1448 1016 1504 1058 de
1534 1014 1670 1069 quelli
1699 1016 1785 1057 che

148 1106 318 1136 uenero
340 1092 385 1134 di
407 1093 565 1144 Roma,
597 1092 653 1134 de
683 1091 804 1147 quali
842 1090 1025 1133 alchuni
1057 1105 1169 1134 sono
1198 1090 1425 1147 designati
1455 1092 1528 1134 all'
1560 1106 1678 1134 anno
1701 1094 1787 1134 che

148 1170 278 1212 viene
300 1184 378 1225 per
399 1168 653 1225 Herbipoli,
680 1175 725 1211 et
747 1169 840 1211 cosi
863 1183 1023 1211 sarano
1046 1168 1242 1212 alleuiati
1266 1168 1295 1210 li
1324 1168 1520 1226 collegij,
1547 1170 1664 1211 doue
1688 1183 1784 1212 ser-

149 1246 306 1288 uirano
330 1248 474 1301 quest’
501 1260 620 1289 anno
635 1246 708 1289 del
725 1245 890 1288 viatico
907 1246 964 1289 de
982 1247 1137 1288 Roma.
1161 1245 1236 1289 Gli
1255 1231 1526 1288 altriviatici
1549 1244 1656 1287 tutti
1674 1259 1788 1287 sono

147 1323 405 1366 distribuiti.
432 1323 480 1368 Si
503 1325 630 1367 muto
653 1324 739 1367 alla
760 1324 904 1367 classe
927 1323 972 1365 di
995 1322 1220 1367 rhetorica
1244 1322 1290 1365 in
1319 1323 1505 1379 Dilinga
1528 1323 1678 1378 quello
1701 1324 1785 1365 che

145 1415 220 1444 era
257 1400 530 1453 humanista,
571 1403 704 1444 Mtro.
748 1401 954 1444 Gerardo
992 1401 1205 1445 cleuense
1245 1402 1276 1454 ⁵,
1319 1400 1571 1443 sufficiente
1610 1414 1689 1455 per
1718 1401 1786 1441 far

146 1478 242 1521 solo
265 1485 286 1505 a
314 1478 464 1533 quella
500 1478 661 1530 classe,
703 1479 743 1521 al
781 1478 929 1534 quale,
961 1491 1090 1521 come
1117 1479 1178 1521 ho
1209 1477 1358 1530 detto,
1394 1491 1606 1521 successe
1629 1476 1785 1520 Pietro

146 1554 412 1598 louaniense
435 1557 467 1608 ⁶3
494 1562 539 1600 et
562 1555 655 1598 cosi
680 1555 841 1598 furono
863 1554 1040 1599 liberati
1070 1555 1186 1598 dalla
1216 1555 1359 1598 classe
1389 1554 1434 1597 di
1463 1554 1686 1597 rhetorica
1710 1554 1783 1597 doi

146 1634 229 1674 che
251 1646 387 1676 erano
409 1633 454 1675 in
477 1633 626 1688 quella
654 1632 880 1688 occupati,
906 1632 1003 1676 cioe
1025 1632 1056 1674 il
1086 1634 1137 1676 P.
1172 1631 1348 1676 Gioane
1378 1647 1504 1684 saxo,
1537 1631 1567 1673 il
1591 1632 1724 1686 quale
1747 1632 1784 1674 si

146 1710 311 1753 mando
340 1725 365 1753 a
402 1711 619 1765 Inspruch
655 1724 735 1765 per
772 1711 963 1765 probare
1000 1725 1049 1754 se
1086 1710 1128 1752 la
1161 1724 1243 1753 sua
1281 1709 1465 1765 predica
1503 1708 1784 1753 riuscirebbe

147 1787 204 1839 13,
231 1794 338 1839 etc.‚
365 1794 410 1829 et
432 1788 668 1830 Leonardo
694 1787 890 1830 Boschio
916 1789 946 1839 ⁷,
973 1787 1003 1829 il
1021 1788 1153 1842 quale
1170 1794 1298 1843 parte
1316 1786 1516 1829 studiara
1536 1786 1783 1842 theologia,

146 1871 273 1919 parte
297 1867 331 1906 s'
359 1864 581 1920 occuparit
598 1866 825 1919 priuatim
844 1864 889 1906 in
907 1879 1010 1907 casa
1032 1879 1058 1906 a
1075 1866 1244 1919 passar'
1270 1864 1312 1906 la
1335 1863 1587 1916 dialectica,
1615 1870 1659 1908 et
1681 1864 1758 1919 leg
1771 1890 1783 1894 --

148 1944 243 1997 ger’
270 1956 332 1984 un
349 1955 462 1998 poco
486 1942 530 1984 in
549 1955 687 1998 greco
709 1958 734 1985 a
757 1943 941 1986 Matheo
964 1942 1146 1998 polono,
1173 1941 1203 1983 il
1226 1942 1358 1996 quale
1382 1950 1502 1986 resta
1524 1940 1570 1983 in
1599 1940 1785 1997 Dilinga

146 2021 290 2074 quest'
312 2033 432 2062 anno
456 2033 592 2063 senza
614 2019 810 2075 legger’,
831 2033 910 2074 per
927 2018 1130 2074 compirli
1153 2018 1228 2061 doi
1250 2017 1458 2073 desiderij
1483 2021 1566 2062 che
1589 2020 1787 2070 haueua,

218 2168 239 2189 a
278 2162 362 2196 Hoc
381 2162 496 2198 verb.
520 2173 636 2209 supra
655 2173 760 2197 vers.
786 2161 935 2197 addidit
950 2161 1040 2197 libr.

220 2265 228 2284 ¹
281 2262 381 2297 Vide
401 2262 519 2309 epist.
544 2273 626 2311 427,
649 2276 691 2299 n.
718 2273 752 2308 23
774 2269 814 2299 et
833 2272 916 2310 447,
939 2276 976 2299 n.
998 2273 1038 2308 4.

218 2324 231 2344 2
283 2323 490 2358 Roseffius.

218 2383 231 2401 ⁵
282 2381 360 2426 Sie3
381 2382 451 2417 sed
469 2381 629 2418 inferius
648 2383 709 2418 hic
728 2383 812 2430 ipse
831 2383 1049 2430 appellatur
1068 2382 1325 2418 lovaniensis.

219 2444 233 2462 4
282 2441 424 2477 Bader.
451 2442 550 2478 Vide
568 2454 661 2488 pag.
689 2451 768 2488 159,
789 2448 926 2478 annot.
951 2442 990 2477 3.

218 2503 231 2522 ‘⁰'
281 2501 478 2536 Gerardus
503 2502 738 2548 Lapidanus,
757 2502 823 2549 qui
847 2503 1035 2538 clevensz's
1059 2501 1213 2549 dicitur,
1241 2503 1319 2548 vel,
1339 2502 1539 2549 clivensis,
1559 2507 1600 2537 ut
1624 2502 1791 2538 habetur

146 2559 186 2595 in
207 2559 303 2596 Cod.
335 2560 476 2596 Natal.
506 2562 621 2596 instr.
648 2561 801 2604 Germ„
829 2563 965 2608 «Quae
995 2561 1157 2598 dixit...
1191 2561 1342 2597 Natalis
1373 2561 1558 2607 Dilingae
1590 2562 1787 2597 secundo»

148 2619 218 2655 fol.
247 2628 307 2655 12.

215 2680 230 2701 ⁰
279 2679 387 2715 Idem
405 2681 544 2715 Petrus
563 2692 651 2716 esse
670 2681 838 2725 videtur,
853 2680 920 2728 qui
939 2692 1056 2727 supra
1073 2681 1309 2716 coloniensis
1327 2680 1488 2716 dicitur.
1512 2682 1573 2716 De
1591 2681 1665 2716 hoc
1683 2680 1785 2716 idem

144 2738 307 2782 Natalis,
326 2739 366 2774 in
383 2739 522 2774 Natal.
543 2741 661 2776 instr.
686 2740 848 2782 Germ„
869 2741 943 2776 loc.
963 2740 1048 2786 cit.‚
1067 2741 1164 2776 haec
1185 2740 1340 2787 scripsit
1366 2741 1434 2776 «In
1453 2742 1516 2776 2.²'⁴
1541 2741 1698 2786 [classe]
1717 2741 1787 2775 Pe-

142 2802 224 2831 trus
241 2797 492 2842 louaniensis,
512 2811 635 2845 usque
654 2799 702 2834 ad
726 2804 970 2845 autumnum,
989 2810 1067 2846 quo
1093 2805 1268 2846 tempore
1288 2799 1466 2835 mittetur
1491 2800 1754 2846 Herbipolim.
1768 2812 1785 2831 »

212 2858 224 2877 ⁷
276 2856 425 2892 Natalis
450 2857 489 2893 in
514 2858 728 2894 memoriali
754 2871 869 2905 supra
892 2859 1026 2904 citato,
1052 2858 1236 2905 Dilingae
1254 2859 1407 2903 relicto,
1429 2860 1526 2894 haec
1544 2859 1592 2894 de
1620 2859 1786 2894 Boschio

143 2914 310 2961 scripsit:
333 2916 542 2962 «Magister
559 2918 749 2953 Boschius
769 2931 884 2954 unam
903 2919 1112 2954 lectionem
1131 2918 1353 2963 theologiae
1379 2918 1636 2953 scholasticae
1656 2918 1788 2953 audiat

146 2978 187 3008 et
202 2974 426 3010 haebream.
451 2976 582 3011 Parari
605 2977 749 3023 poterit
768 2978 815 3013 ad
835 2978 1143 3015 sacerdotium.»
1163 2977 1263 3013 Vide
1283 2978 1336 3013 sis
1355 2977 1404 3013 de
1433 2977 1572 3013 eodem
1598 2979 1786 3013 BRAUNS-

151 3040 332 3079 BERGER,
350 3035 427 3069 loc.
452 3034 542 3081 cit.,
564 3036 635 3082 111,
655 3046 738 3083 494,
757 3046 845 3083 495.
1797 3044 1799 3047 ’
