2101 3348
389 243 459 290 486
903 240 1041 275 prsr.
1071 238 1114 273 P.
1144 234 1418 280 NADAL—486

340 346 379 388 si
396 347 486 401 puo
505 344 628 397 dare,
648 357 738 385 non
762 341 984 385 conuiene
1001 338 1232 396 obligarsi‚
1253 353 1334 394 per
1355 351 1478 382 esser
1496 335 1739 392 theologia.
1761 335 1978 379 Tuttauia

341 428 510 477 quanto
532 434 693 463 manco
716 418 889 475 oblighi
912 418 953 461 ci
975 431 1185 469 saranno,
1211 415 1345 459 etiam
1369 414 1415 457 di
1438 404 1680 469 quelli'che
1708 413 1745 455 si
1777 426 1975 469 possono

340 498 545 555 pigliaoe,
572 497 608 539 si
632 502 791 552 reputa
813 494 995 551 meglio.

429 586 470 617 2.
537 575 720 616 Intorno
743 572 817 616 alli
841 571 1017 628 collegij
1038 570 1083 613 di
1106 569 1237 626 Spira
1258 576 1302 613 et
1321 567 1573 627 Herbipoli‚
1594 567 1818 610 domanda
1834 568 1891 610 V,
1913 569 1967 611 R.

338 667 387 695 se
410 651 447 695 si
469 658 694 708 potranno
718 664 854 694 senza
877 648 1154 705 obligatione
1171 645 1458 698 cominciare‚
1480 660 1608 689 come
1626 645 1662 688 si
1681 647 1777 689 fece
1796 644 1841 686 in
1859 646 1972 688 Tre-

341 743 448 772 uere
464 735 509 771 et
528 727 783 784 Moguntia,
805 733 889 769 etc.
910 728 985 769 Ma
1002 726 1167 781 perche
1185 723 1260 780 gia
1277 738 1369 766 non
1386 724 1576 767 sarebbe
1599 738 1624 765 a
1647 730 1797 777 tempo
1815 728 1976 777 questa

338 805 546 862 risposta,
595 804 787 848 essendo
826 802 993 859 partito
1036 802 1066 844 il
1111 803 1162 844 P.
1211 800 1395 844 Canisio
1437 814 1516 856 per
1559 798 1812 855 Herbipoli‚
1858 806 1903 841 et
1945 798 1976 840 il

339 885 391 926 Ρ.
413 882 562 926 Vinch
582 896 661 937 per
679 880 825 936 Spita,
848 880 1002 924 auanti
1025 878 1069 921 di
1092 877 1173 921 far'
1197 877 1390 934 risposta
1413 892 1438 920 a
1461 883 1620 932 questo
1643 883 1804 932 punto,
1825 883 1976 932 aspet-

337 967 509 1004 taremo
531 959 769 1002 intendere
793 958 897 1013 quel
921 959 1006 1000 che
1027 957 1056 998 l’
1084 971 1175 999 uno
1198 962 1242 998 et
1264 956 1294 997 l’
1326 955 1439 998 altro
1468 956 1730 997 haueranno
1761 954 1890 1006 fatto,
1933 960 1980 997 et

337 1051 465 1080 corne
487 1036 690 1093 pigliano
714 1035 744 1076 il
768 1035 968 1090 capitulo
992 1033 1038 1094 di
1060 1033 1192 1090 Spira
1222 1040 1267 1077 et
1293 1046 1491 1076 vescouo
1513 1032 1569 1075 de
1592 1030 1829 1087 Herbipoli
1851 1031 1894 1074 la
1916 1031 1977 1073 ri-

337 1120 491 1170 sposta
513 1115 598 1157 che
620 1113 650 1154 li
674 1114 698 1156 e
722 1119 839 1155 stata
861 1113 1089 1155 mandata.

428 1204 468 1246 3.
535 1191 583 1234 S’
615 1191 638 1233 e
662 1190 780 1232 uista
802 1190 844 1232 la
867 1189 996 1245 copia
1025 1188 1070 1231 di
1099 1189 1250 1244 quello
1280 1190 1363 1231 che
1390 1187 1428 1231 si
1457 1190 1594 1230 tratto
1624 1187 1693 1229 col
1722 1188 1775 1229 P.
1815 1186 1975 1230 Oliue—

337 1267 402 1310 rio
429 1269 458 1320 ¹,
484 1274 529 1311 et
551 1267 627 1324 gia
649 1282 697 1311 se
719 1266 748 1308 li
771 1268 796 1309 e
818 1267 1031 1309 mandato
1054 1281 1115 1308 un
1137 1266 1263 1308 buon
1285 1271 1453 1308 mastro
1481 1279 1560 1321 per
1588 1263 1618 1306 il
1648 1278 1793 1316 corso,
1829 1270 1873 1306 et
1911 1277 1973 1306 un

336 1346 464 1388 buon
486 1345 733 1388 sacerdote.
758 1345 863 1387 Non
886 1359 935 1386 so
964 1358 1012 1386 se
1040 1344 1221 1387 bastara
1243 1333 1341 1399 pur’
1369 1343 1518 1398 quello
1540 1356 1620 1398 per
1641 1348 1781 1384 rettor
1799 1340 1844 1383 di
1875 1343 1973 1384 Mo—

339 1421 480 1475 riach3
507 1429 552 1464 et
575 1437 624 1466 se
646 1422 759 1464 altro
783 1421 906 1464 aiuto
929 1436 979 1465 se
1011 1420 1040 1462 li
1062 1420 1189 1476 potra
1213 1420 1320 1463 dare
1350 1433 1484 1462 uerso
1512 1419 1542 1461 il
1565 1419 1838 1470 Settembre,
1866 1432 1913 1461 se
1944 1418 1975 1460 li

339 1499 463 1541 dar-21.
490 1500 525 1541 F
529 1499 573 1541 in
597 1513 622 1541 a
646 1513 719 1540 mo
742 1500 778 1541 s’
803 1499 828 1541 e
851 1499 956 1540 data
978 1499 1131 1540 buona
1153 1497 1368 1540 relatione
1391 1497 1508 1540 dello
1531 1497 1667 1540 eletto
1685 1496 1979 1539 arciuescouo

340 1575 385 1617 di
410 1577 611 1619 Treuere
633 1576 665 1627 2,
692 1582 737 1618 et
760 1575 796 1617 si
820 1575 927 1618 dara
952 1574 995 1617 di
1019 1589 1189 1627 nuouo,
1215 1581 1260 1617 et
1282 1574 1319 1617 si
1343 1573 1435 1617 fara
1460 1574 1565 1629 quel
1586 1575 1709 1615 buon
1732 1572 1876 1615 uffitio
1894 1574 1978 1615 che

339 1653 375 1696 si
399 1652 635 1695 conuiene.
663 1653 715 1695 L’
741 1651 1025 1708 indulgentie
1048 1654 1133 1696 che
1155 1653 1213 1695 ha
1242 1651 1444 1694 riuocato
1472 1650 1503 1693 il
1539 1665 1653 1706 papa
1691 1665 1801 1692 sono
1831 1640 1978 1705 quelle

340 1732 424 1774 che
447 1730 679 1774 ricercano
701 1744 868 1772 manus
891 1730 1138 1772 adiutrices
1162 1730 1194 1782 ³,
1220 1736 1265 1773 et
1288 1729 1381 1772 cosi
1403 1743 1495 1771 non
1516 1730 1575 1771 ha
1596 1728 1799 1770 riuocato
1829 1728 1977 1783 quelle

339 1807 383 1849 di
402 1814 556 1851 nostre
579 1806 803 1850 auemarie
820 1807 1080 1859 benedette,
1102 1808 1187 1849 che
1204 1805 1419 1862 sapiamo.
1443 1806 1500 1848 Et
1517 1805 1624 1861 pero
1642 1820 1729 1847 non
1748 1819 1855 1861 pare
1873 1819 1976 1861 spe—

339 1884 492 1928 diente
518 1883 798 1927 domandarli
822 1883 1180 1927 confirmatione.
1207 1883 1296 1927 Gia
1317 1884 1452 1927 credo
1475 1884 1644 1927 hauera
1666 1882 1811 1925 inteso
1834 1884 1890 1926 V.
1919 1884 1972 1925 R.

340 1975 469 2004 corne
491 1975 705 2004 concesse
729 1961 822 2005 Sua
845 1960 1021 2005 Santita
1045 1962 1130 2005 che
1152 1960 1183 2002 li
1205 1960 1363 2015 nostri,
1389 1960 1463 2003 alli
1487 1960 1606 2016 quali
1628 1962 1807 2002 haueua
1823 1959 1978 2016 prohi-

340 2038 435 2081 bito
458 2039 694 2081 absoluere
716 2038 747 2080 li
770 2037 949 2094 relapsi,
976 2038 1018 2081 lo
1041 2052 1234 2094 possano
1260 2039 1353 2082 fare
1383 2052 1511 2081 come
1533 2037 1691 2093 pri-ma,
1718 2053 1766 2081 se
1789 2037 1864 2093 gia
1887 2052 1977 2080 non

344 2114 515 2158 fussino
539 2115 707 2170 publici
729 2115 917 2158 heretici
940 2115 970 2157 li
994 2115 1069 2158 tali
1093 2115 1271 2171 relapsi3
1304 2116 1470 2172 perche
1497 2115 1543 2157 in
1573 2116 1633 2157 tal
1670 2130 1775 2157 caso
1808 2115 1910 2158 uole
1942 2114 1979 2157 si

342 2191 554 2234 mandino
578 2193 649 2234 all'
676 2192 919 2235 ordinario.
945 2192 993 2237 Si
1016 2193 1123 2236 dara
1153 2192 1460 2245 instruttione,
1487 2206 1614 2235 come
1638 2193 1693 2236 V.
1727 2193 1781 2235 R.
1814 2191 1976 2243 scriue,

343 2269 385 2310 al
408 2267 656 2323 prouincial
679 2269 750 2312 del
774 2271 934 2313 Rheno
962 2270 977 2290 ¹*
1001 2269 1046 2311 di
1075 2284 1207 2314 come
1227 2272 1287 2312 ha
1308 2269 1353 2312 di
1381 2269 1599 2326 negociar
1625 2270 1668 2312 la
1696 2268 1974 2313 fundatione.

344 2346 401 2387 Et
424 2345 466 2387 la
488 2359 663 2387 summa
686 2347 726 2397 e,
753 2348 836 2389 che
859 2361 907 2390 se
925 2346 961 2390 si
984 2347 1111 2402 potra
1136 2348 1216 2390 far’
1236 2348 1279 2390 la
1302 2346 1566 2391 fundatione
1588 2361 1724 2390 senza
1746 2346 1916 2402 obligo,
1942 2346 1978 2389 si

345 2420 502 2474 faccia3
527 2428 571 2464 et
594 2423 642 2465 se
664 2437 749 2478 pur
769 2423 1010 2479 bisognera
1034 2424 1195 2481 pigliar
1224 2425 1402 2477 alcuno‚
1428 2426 1511 2468 che
1533 2438 1627 2467 non
1650 2423 1715 2466 sia
1746 2423 1791 2465 di
1822 2422 1975 2478 quelli,

344 2500 427 2542 che
451 2500 646 2541 secondo
669 2507 821 2543 nostre
843 2501 1155 2544 constitutioni
1178 2517 1267 2545 non
1291 2501 1532 2558 possiamo,
1553 2508 1598 2546 et
1620 2517 1698 2558 par
1721 2501 1853 2555 bene,
1875 2515 1979 2557 pro—

418 2635 425 2654 ¹
480 2634 699 2680 Manareus,
720 2636 942 2681 provinciae
964 2638 1150 2673 Franciae
1169 2638 1430 2686 praepositUS.

415 2696 428 2715 Β
484 2694 655 2739 Jacobus
675 2695 723 2728 ab
744 2696 822 2730 Els.

416 2753 430 2772 ⁵
481 2752 547 2788 Cf.
588 2754 825 2797 Bullarmn,
858 2755 1127 2801 diplomatum
1158 2760 1194 2793 et
1219 2757 1539 2805 privilegiorum
1572 2757 1812 2793 Sanctorum
1842 2758 1986 2793 Roma·

346 2822 493 2846 norum
530 2813 774 2859 Pontificum
817 2814 1079 2850 Taurinensis
1113 2817 1257 2863 editio,
1288 2822 1320 2852 t.
1359 2817 1453 2860 VII,
1490 2818 1693 2863 Augustae
1727 2816 1984 2852 Taurinorum

347 2870 632 2917 MDCCCLXI,
653 2884 740 2918 pag.
761 2872 845 2919 535,
865 2873 1014 2909 litteras
1034 2876 1265 2921 apostolicas
1285 2876 1393 2912 «Etsi
1411 2876 1595 2912 dominici
1613 2877 1768 2922 gregis»
1793 2876 1857 2911 die
1876 2876 1896 2911 8
1915 2877 1984 2911 Fe-

346 2930 490 2965 bruarii
522 2930 645 2975 dataS,
678 2931 745 2966 ubi
776 2937 1009 2968 revocantur
1040 2933 1307 2979 indulgentiae
1337 2936 1629 2982 quomodolibet
1659 2947 1884 2982 concessae,
1915 2946 1986 2982 pro

345 2988 487 3035 quibus
506 2991 791 3036 consequendis
811 2992 1067 3037 porrigendae
1086 2998 1177 3028 sunt
1195 3005 1331 3029 manus
1350 2994 1576 3040 adjutrices,

419 3047 434 3068 ⁴
482 3049 525 3084 P.
549 3049 743 3085 Antonius
763 3051 908 3086 Vinck.
