2141 3358
368 165 468 192 xvm
798 155 1054 191 PRooanM
1080 160 1220 187 TERm
1245 158 1473 188 vomiturus

317 257 552 315 praeponit
576 259 694 314 (245,
721 255 953 310 258-260).
979 253 1121 296 Hisce
1142 252 1351 309 peractis,
1378 252 1640 305 Posonium,
1667 251 1953 296 Olomutium

317 349 362 385 et
386 340 680 385 Cremsirium
705 338 844 390 venit,
879 336 957 379 ubi
993 335 1257 392 episcopum
1295 336 1632 380 olomucensem
1656 334 1951 387 >Gulielmum

315 424 661 477 Prussinowsky
680 421 990 477 congreditur,
1016 426 1062 462 et
1079 434 1184 462 cum
1206 434 1259 463 eo
1277 420 1334 464 de
1357 418 1548 476 collegio
1571 418 1789 475 erigendo
1808 419 1950 461 collo—

314 507 467 562 quitur
491 507 607 562 (222,
636 517 737 558 223,
775 505 891 558 258).
928 502 1224 547 Laurentium
1258 502 1463 559 Magium
1497 501 1817 558 provincialem
1847 503 1950 545 Au-

314 589 449 633 striae
472 594 594 630 creat
617 588 732 644 (230,
760 591 877 641 231).
904 587 1069 629 Postea
1093 587 1289 641 Pragam
1308 601 1357 630 se
1380 587 1571 637 confert,
1599 585 1676 628 ubi
1699 600 1771 629 res
1790 584 1950 629 Socie-

319 671 424 715 tatis
447 677 568 713 recte
591 670 837 726 procedere
860 668 937 721 ait,
964 675 1015 710 ut
1036 668 1083 710 in
1105 676 1200 711 tota
1223 668 1435 711 Austriae
1454 668 1685 724 provincia
1702 668 1819 726 (237,
1841 668 1954 723 263-

322 756 438 811 266).
466 755 619 798 Rebus
642 760 687 796 et
709 752 916 809 personis
940 751 1121 808 collegii
1144 751 1380 808 pragensis
1408 752 1638 808 inspectis,
1669 753 1953 795 Casanovam

317 846 362 883 et
386 840 642 881 Trebonam
666 836 933 893 digreditur,
954 837 1102 891 deque
1124 850 1243 879 novo
1261 835 1453 892 collegio
1474 836 1536 878 ibi
1553 836 1792 880 condendo
1810 836 1955 878 multa

315 923 362 965 in
383 922 477 965 suis
500 923 556 965 ad
581 920 793 977 Borgiam
817 919 1018 975 epistolis
1035 926 1213 963 enarrat
1231 920 1460 976 (238-240,
1483 921 1699 977 266-269,
1722 920 1949 975 312-314).

407 1007 658 1049 POLONIAE
688 1003 934 1059 provincia,
971 1017 1087 1058 quae
1121 1002 1430 1059 operariorum
1461 1003 1612 1059 inopia
1643 1003 1893 1055 laborabat,
1925 1019 1952 1047 a

320 1088 489 1145 Borgia
516 1094 561 1131 et
589 1086 738 1131 Natali
760 1087 949 1142 juvatur
977 1072 1071 1143 (45,
1097 1088 1169 1144 69,
1203 1098 1274 1140 70,
1315 1099 1411 1141 113,
1443 1098 1539 1141 127,
1580 1087 1676 1140 176,
1715 1097 1811 1140 177,
1845 1087 1946 1141 283,

324 1185 424 1229 509,
447 1171 563 1227 510).
585 1171 931 1226 Braunsbergae
953 1177 999 1215 et
1021 1170 1257 1213 Pultoviae
1281 1170 1471 1226 collegia
1488 1170 1615 1213 novis
1633 1170 1863 1227 magistris
1880 1170 1950 1213 di-

323 1256 610 1312 tantur(160,
643 1255 737 1306 161,
771 1254 888 1310 237).
922 1254 1117 1296 Polonos
1150 1253 1296 1296 socios
1322 1252 1516 1315 invisere
1545 1260 1729 1309 exoptat
1757 1253 1948 1307 Natalis,

321 1339 402 1381 sed
419 1338 464 1380 id
482 1337 644 1392 exequi
666 1336 908 1392 impeditur
930 1337 1047 1394 (199,
1076 1337 1193 1393 221).
1229 1336 1481 1380 Cardinalis
1511 1336 1641 1379 Hosii
1667 1337 1829 1380 ardens
1853 1338 1956 1393 glo-

319 1421 412 1465 riae
430 1420 609 1463 divinae
631 1427 674 1464 et
697 1419 933 1476 religionis
956 1419 1225 1464 incrementi
1243 1419 1516 1463 desiderium
1539 1419 1693 1462 multis
1715 1419 1761 1463 in
1784 1419 1953 1476 episto-

321 1504 374 1547 lis
406 1505 462 1547 ab
491 1503 589 1559 ipso
618 1503 733 1546 datis
761 1503 949 1547 mirifice
977 1504 1127 1547 elucet
1158 1505 1276 1560 (792,
1310 1514 1411 1560 793,
1445 1515 1545 1560 799,
1580 1503 1680 1557 803,
1714 1503 1815 1557 806,
1848 1504 1951 1556 810,

321 1587 436 1642 811).
470 1586 762 1630 Franciscum
785 1586 1063 1631 Sunnerium
1082 1601 1173 1629 non
1190 1586 1408 1639 revocari,
1434 1587 1513 1629 sed
1541 1586 1586 1628 in
1612 1586 1799 1629 Polonia
1815 1586 1954 1630 relin-

320 1669 397 1726 qui
421 1685 525 1712 cum
549 1669 697 1712 officio
719 1669 1133 1726 vice-provincialis
1163 1685 1188 1713 a
1218 1669 1368 1714 Natali
1390 1676 1659 1726 procuratur
1687 1670 1803 1727 (214,
1832 1671 1950 1727 215).

406 1754 678 1797 ΚΗΕΝΑΝΑΜ
702 1753 981 1809 provinciam
1003 1753 1293 1809 inspecturus
1317 1753 1506 1805 Natalis,
1533 1752 1657 1808 prius
1686 1767 1789 1795 curn
1813 1748 1968 1796 Cani?

318 1835 385 1879 sio
407 1843 452 1879 et
478 1836 681 1892 Jimenez
718 1851 800 1879 suo
824 1836 947 1880 socio
980 1836 1266 1893 Herbipolim
1303 1836 1428 1891 adiit,
1456 1835 1532 1878 ubi
1555 1837 1610 1879 de
1648 1836 1843 1892 collegio
1865 1836 1955 1879 eri-

320 1919 471 1974 gendo
495 1919 753 1974 negotiatus
792 1928 876 1972 est,
913 1927 958 1963 et
989 1921 1456 1976 Aschaffemburgum
1488 1919 1561 1964 die
1600 1930 1652 1974 25
1684 1918 1957 1963 Novembris

324 2001 506 2044 advenit
527 2003 645 2057 (315,
672 2002 789 2057 777).
815 2005 885 2047 De
902 2003 1086 2047 civitate
1108 2002 1429 2059 herbipolensi,
1450 2003 1507 2046 de
1529 2003 1873 2058 ejusepiscopo,
1899 2004 1956 2047 de

322 2084 520 2139 capitulo
542 2091 587 2126 et
609 2085 665 2127 de
688 2092 807 2128 statu
833 2086 1063 2142 religionis
1086 2085 1268 2142 longius
1291 2085 1470 2129 disserit
1499 2086 1746 2143 (333-339).
1777 2088 1847 2129 De
1864 2085 1958 2142 spi-

320 2165 464 2211 rensis
486 2173 637 2208 autem
661 2168 837 2223 collegii
861 2168 1051 2225 origine,
1084 2168 1444 2220 difficultatibus,
1478 2175 1523 2210 et
1552 2168 1888 2211 conditionibus
1910 2168 1955 2210 in

321 2250 623 2293 instrumento
648 2251 923 2294 fundationis
945 2252 1247 2308 exprimendis
1276 2260 1365 2297 ete.
1398 2253 1611 2308 frequens
1643 2251 1813 2296 mentio
1835 2252 1886 2294 fit
1906 2251 1952 2294 in

323 2339 418 2375 toto
440 2334 525 2375 hoc
558 2334 802 2386 volumine,
830 2336 1089 2390 praesertim
1111 2351 1220 2380 vero
1238 2336 1284 2378 in
1307 2336 1416 2379 locis
1433 2336 1508 2378 hic
1527 2335 1692 2378 notatis
1711 2335 1828 2393 (234,
1849 2345 1950 2389 235,

322 2425 537 2470 352-355‚
566 2418 779 2472 394—396‚
805 2429 1020 2472 445-447,
1043 2421 1259 2477 756-759,
1280 2419 1512 2477 769-771).
1532 2421 1602 2463 De
1621 2419 1801 2476 collegii
1818 2418 1953 2462 etiam

321 2497 580 2554 moguntini
599 2499 828 2543 dotatione
847 2508 891 2545 et
908 2502 1190 2556 promotione
1207 2518 1311 2546 cum
1329 2503 1670 2559 archiepiscopo
1693 2510 1738 2546 et
1760 2503 1956 2547 electore

323 2581 596 2637 moguntino
621 2583 1018 2641 Aschaffemburgi
1042 2587 1250 2629 tractavit
1273 2587 1391 2644 (367,
1414 2600 1514 2643 390,
1532 2586 1648 2643 391).
1670 2584 1955 2642 Moguntiam

324 2678 434 2707 vero
457 2666 695 2718 accedens,
726 2674 988 2711 consuetam
1019 2670 1334 2715 lustrationem
1367 2677 1624 2722 exsecutus,
1666 2669 1909 2726 collegium
1932 2684 1959 2712 a

323 2746 536 2790 convictu
558 2747 773 2803 sejunxit,
812 2750 1103 2795 domesticam
1140 2754 1422 2810 disciplinam
1454 2753 1695 2811 promovit,
1731 2752 1879 2796 socios
1900 2753 1959 2795 ad

325 2830 648 2885 perfectionem
685 2839 753 2875 est
793 2834 1058 2878 cohortatus
1096 2837 1327 2895 (382-389,
1366 2839 1481 2896 796).
1523 2840 1559 2881 F
1562 2836 1955 2880 rancofordienses

321 2921 474 2957 autem
496 2914 789 2966 socios‚.licet
812 2916 943 2972 pauci
966 2917 1053 2961 illic
1076 2920 1310 2976 degerent,
1332 2921 1525 2967 invisere
1542 2936 1633 2965 non
1652 2919 1816 2973 omisit,
1837 2920 1955 2963 mul-
