2101 3348
352 228 426 264 802
941 227 1079 261 EPIST.
1107 225 1150 260 P.
1181 225 1332 261 NADAL

303 333 391 373 hac
415 345 462 374 re
479 343 582 372 cum
605 327 789 371 licentia
808 328 862 372 P.
883 329 942 372 V.
966 327 1185 370 iudicium
1204 342 1355 371 meum
1379 326 1591 371 scribam.
1612 328 1817 384 Apparet
1843 327 1953 371 mihi

304 390 437 432 valde
457 390 661 431 futurum
679 402 735 430 ex
753 402 802 431 re
820 387 1008 430 istarum
1025 386 1381 442 prouinciarum,
1402 386 1440 429 si
1457 387 1509 429 P.
1531 387 1723 440 Natalis,
1744 388 1952 430 absoluta

302 448 578 500 visitatione,
620 447 666 489 in
689 446 761 489 his
782 447 988 502 partibus
1027 453 1224 498 maneat,
1250 461 1342 489 non
1381 445 1479 489 sine
1511 446 1634 489 omni
1656 446 1946 499 authoritate,

304 509 383 552 sed
407 522 511 550 cum
534 521 704 563 magna
732 513 977 561 potestate,
1010 513 1059 548 vt
1081 505 1294 548 omnibus
1330 505 1482 547 dubiis
1520 505 1685 548 nostris
1711 506 1853 562 possit
1876 521 1950 561 re-

303 567 529 623 spondere
551 574 597 609 et
619 573 882 622 praesentes
900 565 1112 621 dirigere.
1141 567 1257 608 Nam
1287 565 1533 607 admodum
1563 566 1692 609 tarde
1721 572 1870 620 potest
1893 580 1949 609 ex

303 628 415 670 vrbe
437 625 648 669 omnibus
671 624 898 678 satisfieri,
924 639 1028 667 cum
1052 631 1204 668 tamen
1233 626 1495 679 frequenter
1527 638 1642 680 opus
1679 624 1737 667 sit
1758 625 1948 667 festina-

307 686 448 739 tione,
475 685 759 742 potissimum
779 685 970 739 quando
999 683 1302 739 prouinciales
1325 690 1433 726 sunt
1454 683 1662 736 iuuenes,
1688 698 1846 739 parum
1869 699 1951 727 ex-

306 745 423 801 perti
446 745 668 788 rationem
699 744 955 788 Societatis.
998 745 1099 800 Ego
1139 745 1195 786 ab
1234 756 1250 786 1
1265 756 1280 786 Ι
1324 743 1527 799 Augusti
1563 743 1716 786 literas
1746 744 1892 786 nullas
1926 758 1951 786 a

307 806 359 847 P.
388 806 442 848 V.
468 803 632 860 recepi.
661 803 859 847 Proinde
881 810 1084 859 optarem
1107 804 1159 846 P.
1185 803 1395 846 Natalem
1419 802 1616 846 residere
1648 803 1948 859 Antuerpiae‚

309 872 358 906 vt
381 864 486 908 inde
509 879 591 907 nos
609 864 796 906 adiuuet
819 870 864 907 et
886 870 1082 915 exteros,
1102 861 1180 917 qui
1201 862 1350 918 ipsum
1373 863 1626 906 consulent.
1650 862 1951 906 Vtilissimum

307 926 395 966 hoc
417 923 502 967 erit
525 923 563 966 si
585 938 664 966 rex
687 922 918 976 adueniet,
939 937 1043 965 cum
1062 936 1152 977 quo
1169 922 1226 964 de
1243 921 1398 964 multis
1417 923 1552 965 rebus
1570 936 1708 978 agere
1726 921 1950 977 poterit...

1088 1054 1191 1096 LIX

802 1142 850 1179 P.
883 1142 1223 1178 LAURENTIUS
1249 1141 1454 1178 MAGIUS

672 1234 887 1264 SANCTO
936 1233 1250 1264 FRANCISCO
1299 1234 1366 1263 DE
1414 1234 1589 1273 BORJA

703 1304 1019 1355 Vindobonae,
1047 1316 1098 1360 19
1116 1303 1389 1346 Novembris
1412 1304 1521 1358 1567
1545 1306 1571 1347 ¹.

566 1387 708 1422 Patris
734 1386 896 1421 Natalis
926 1386 1075 1421 scholia
1106 1387 1150 1421 in
1180 1387 1480 1421 constitutiones
1504 1387 1698 1433 postulat.

484 1461 587 1503 Una
625 1457 772 1514 gratia
811 1457 963 1513 voglio
1002 1458 1277 1501 domandare
1316 1459 1401 1500 alla
1441 1460 1493 1500 P.
1527 1460 1583 1501 V.
1617 1473 1703 1502 con
1732 1459 1955 1503 desiderio

315 1521 460 1563 anche
483 1518 528 1560 di
552 1518 774 1561 ottenerla
798 1532 933 1559 senza
954 1516 1205 1572 preiudizio
1230 1518 1286 1561 de
1309 1517 1520 1573 maggior
1541 1519 1673 1561 bene.
1699 1520 1748 1561 Io
1779 1519 1954 1563 ottenni

313 1579 390 1635 gia
412 1579 484 1620 dal
512 1580 561 1620 P.
590 1578 752 1621 Natale
774 1576 819 1618 di
842 1591 951 1619 auer
975 1576 1102 1631 copia
1126 1576 1231 1620 delli
1254 1577 1353 1619 suoi
1376 1577 1547 1632 schollij
1572 1591 1705 1633 sopra
1722 1579 1764 1622 le
1781 1579 1954 1621 consti—

314 1637 494 1689 tutioni,
537 1644 581 1680 et
621 1636 695 1692 gia
736 1651 882 1679 aueua
925 1636 1240 1678 comminciato
1283 1651 1308 1678 a
1351 1637 1723 1680 communicarmi
1761 1639 1954 1694 qualche

313 1712 435 1750 cosa3
463 1712 534 1739 ma
558 1710 688 1738 come
711 1696 832 1751 dipoi
855 1697 891 1738 s'
923 1697 981 1738 ha
1010 1702 1136 1738 tanto
1164 1696 1409 1738 discostato
1437 1697 1494 1738 da
1517 1696 1608 1750 noi,
1629 1711 1719 1740 non
1737 1699 1795 1740 ha
1812 1705 1952 1741 auuto

311 1771 526 1800 successo
549 1757 592 1798 la
614 1769 734 1798 cosa.
763 1757 808 1797 Io
832 1769 881 1797 so
911 1762 1080 1809 quanto
1114 1756 1174 1797 m’
1205 1755 1372 1798 habbia
1402 1755 1588 1811 giouato
1616 1757 1658 1799 la
1687 1757 1877 1812 prattica
1906 1757 1950 1799 di

312 1817 417 1871 quel
449 1816 696 1859 benedetto
733 1815 877 1858 Padre
908 1822 953 1856 et
986 1814 1414 1867 communicatione,
1441 1816 1526 1858 alla
1549 1815 1811 1872 cognitione
1844 1817 1947 1860 dell'

310 1876 538 1926 instituto,
565 1875 671 1930 quel
693 1889 807 1930 poco
830 1874 875 1915 di
906 1881 1072 1929 tempo,
1105 1876 1188 1917 che
1220 1875 1246 1915 l’
1282 1889 1400 1917 anno
1434 1882 1611 1929 passato
1645 1875 1709 1917 fui
1742 1890 1950 1919 conseco.

312 1935 479 1978 Taccio
503 1935 532 1976 il
556 1941 709 1990 gusto,
737 1936 822 1977 che
844 1933 886 1976 io
910 1933 1050 1989 piglio
1073 1934 1119 1976 in
1143 1941 1303 1988 questo
1327 1934 1492 1986 studio,
1520 1937 1603 1977 che
1633 1942 1752 1978 tutto
1781 1936 1847 1979 sia
1875 1950 1954 1992 per

313 1995 345 2036 il
368 1997 484 2038 bene
507 2008 716 2036 comune.
739 1995 785 2036 Io
804 1994 983 2036 confido
1007 1995 1090 2036 che
1113 1994 1155 2036 la
1180 1996 1231 2036 P.
1259 1995 1314 2037 V.
1339 2008 1429 2036 non
1449 1995 1691 2038 manchera
1710 1995 1754 2037 di
1773 2010 1955 2051 promo-

314 2068 424 2098 uere
448 2060 608 2109 questo
631 2053 783 2096 studio
806 2068 883 2108 per
906 2052 935 2094 il
959 2053 1143 2107 proffitto
1166 2055 1311 2096 anche
1334 2053 1438 2096 delli
1462 2053 1603 2096 nostri
1627 2054 1672 2096 di
1695 2069 1798 2109 qua,
1832 2054 1957 2098 accio

316 2114 442 2156 siano
467 2113 634 2169 meglio
657 2112 907 2155 indrizzati.
938 2113 1054 2155 Pero
1078 2112 1120 2154 io
1145 2127 1287 2168 prego
1310 2113 1353 2154 la
1378 2115 1428 2155 P.
1457 2114 1513 2156 V.
1541 2113 1585 2155 di
1615 2128 1752 2156 cuore
1783 2116 1870 2157 che
1899 2115 1960 2157 mi

314 2173 459 2215 faccia
482 2174 650 2214 hauere
681 2187 770 2214 una
799 2171 928 2227 copia
957 2172 1001 2214 di
1036 2172 1142 2214 tutti
1175 2172 1311 2226 quelli
1345 2172 1535 2227 schollij,
1572 2175 1655 2215 che
1688 2188 1780 2216 non
1815 2175 1960 2217 ande-

317 2246 460 2274 ranno
484 2232 598 2274 fuori
623 2231 667 2273 di
692 2231 779 2274 mia
801 2246 951 2284 mano,
979 2239 1023 2275 et
1046 2231 1106 2273 mi
1130 2246 1323 2274 saranno
1347 2231 1391 2273 di
1415 2233 1553 2274 molta
1576 2232 1740 2285 utilita,
1762 2233 1958 2278 maxime

314 2293 400 2335 che
423 2305 508 2333 con
531 2292 558 2332 Γ
586 2305 736 2334 essere
761 2298 887 2333 tanto
908 2292 1112 2343 lontano,
1141 2306 1229 2333 non
1250 2291 1285 2333 si
1305 2293 1394 2346 puo
1414 2291 1673 2335 facilinente
1692 2306 1777 2335 con
1794 2293 1955 2336 lettere

315 2350 534 2393 risoluere
559 2350 663 2391 tutti
689 2351 749 2405 gli
775 2350 897 2405 dubij
924 2351 1178 2393 occorrenti
1201 2350 1247 2392 in
1278 2352 1338 2392 tal
1366 2351 1570 2395 materia.
1603 2353 1660 2393 Et
1688 2366 1736 2394 se
1759 2352 1858 2394 sara
1882 2352 1954 2394 bi-

316 2424 464 2466 sogno
491 2410 582 2451 fare
605 2424 736 2463 spesa
759 2411 832 2452 nel
855 2409 1069 2464 copiarlo,
1096 2425 1186 2452 non
1210 2409 1246 2452 si
1276 2410 1458 2452 manchi
1487 2411 1653 2465 percio,
1687 2413 1770 2455 che
1800 2411 1952 2454 auisa-

318 2477 440 2521 tone,
463 2469 678 2511 mandero
698 2469 880 2511 subbito
905 2469 935 2510 il
958 2468 1189 2524 riccapito,
1210 2476 1254 2512 et
1273 2469 1431 2513 haurei
1455 2471 1667 2513 mandato
1685 2472 1798 2513 hora
1817 2471 1951 2513 alcun

316 2529 504 2578 danaro,
536 2530 571 2569 s’
597 2528 778 2571 hauessi
809 2529 1013 2581 creduto,
1047 2531 1132 2572 che
1163 2529 1199 2571 si
1230 2531 1324 2571 fara
1353 2528 1505 2584 copiar
1538 2529 1568 2571 il
1600 2530 1714 2572 libro
1748 2531 1804 2572 da
1833 2531 1955 2573 fora-

318 2587 455 2630 stiera
474 2600 681 2642 persona,
704 2595 748 2630 et
768 2602 857 2629 non
875 2587 919 2629 in
940 2601 1059 2639 casa3
1075 2596 1120 2630 et
1138 2603 1228 2630 non
1248 2589 1495 2644 potendose
1513 2590 1727 2633 mandare
1746 2596 1865 2632 tutto
1883 2589 1955 2632 in-

317 2647 475 2699 sieme,
516 2646 553 2688 si
592 2647 813 2701 potrebbe
852 2647 1128 2697 successiue,
1170 2661 1249 2703 per
1288 2648 1624 2702 quaterniones,
1658 2663 1737 2704 per
1775 2648 1847 2691 via
1886 2650 1960 2691 del

319 2706 481 2748 nuntio
504 2704 767 2761 apostolico,
794 2705 1155 2748 comminciando
1178 2707 1295 2749 dalla
1327 2707 1395 2760 3?
1425 2714 1551 2762 parte
1584 2708 1701 2751 delle
1733 2707 1962 2750 constitu—

321 2765 431 2807 tioni
553 2766 610 2807 Di
635 2764 830 2817 Vienna,
857 2764 931 2807 alli
960 2777 1010 2821 19
1033 2765 1077 2806 di
1101 2767 1362 2809 Nouembre
1397 2767 1522 2820 1567.
1556 2766 1615 2809 Di
1645 2768 1702 2810 V.
1737 2769 1789 2810 P.
1828 2781 1963 2811 seruo

322 2832 367 2867 et
389 2824 516 2880 figlio
540 2839 596 2867 en
614 2825 726 2881 Jesu
749 2824 850 2876 X.⁰‚

1241 2884 1470 2927 LORENzo
1504 2887 1719 2928 MAGGIO.

395 2982 403 3000 ¹
455 2980 512 3013 Ex
532 2978 784 3024 autographo,
806 2977 846 3012 in
869 2977 967 3013 Cod.
993 2987 1043 3020 29
1058 2977 1121 3024 g),
1142 2989 1183 3012 n.
1209 2986 1271 3022 54.
1296 2977 1396 3013 Vide
1415 2990 1503 3024 pag,
1528 2989 1610 3026 551,
1632 2986 1671 3015 et
1690 2988 1775 3026 575.

390 3040 402 3059 2
455 3038 512 3072 En
530 3048 758 3083 responsum
778 3036 946 3082 Borgiae
964 3036 1054 3072 huic
1073 3037 1261 3083 epistolae
1280 3036 1409 3072 datum
1431 3038 1493 3073 die
1516 3047 1558 3084 19
1585 3040 1817 3076 Decembris
1851 3041 1955 3086 1567:
