2101 3348
748 205 792 240 26
820 205 1052 240 FEBRUARJI
1081 204 1169 249 1567
1662 204 1731 251 399

148 307 391 349 nobiscum.
434 307 532 350 Ora
555 312 644 363 pro
676 309 759 359 me,
789 307 948 348 Pater.
982 307 1052 349 Da
1086 306 1292 360 Colonia,
1325 307 1399 350 alli
1429 319 1484 361 24
1513 307 1558 350 di
1586 307 1786 350 Febraro

156 384 282 439 1567.
305 385 362 427 D.
392 386 443 427 Ρ.
471 386 528 428 V.
555 399 690 429 seruo
714 398 771 428 en
794 384 897 437 X.⁰,

1237 467 1265 525 †
1295 469 1481 512 NADAL.
1518 467 1547 524 †

1381 527 1410 584 ἦ.

240 616 481 671 Inscriptio
519 617 567 658 in
601 620 766 672 quarta
793 616 998 673 pagina:
1035 617 1166 673 Jhus.
1209 616 1470 659 Admodum
1500 616 1617 659 Rdo.
1656 617 1784 660 Patri

150 701 303 736 nostro
324 693 370 735 in
393 693 574 736 Christo
597 695 631 736 F
636 692 838 736 rancisco
861 707 886 735 a
909 692 1092 749 Boi-gia,
1125 692 1364 737 Societatis
1386 695 1501 750 Jesu·
1527 693 1783 749 praeposito

148 770 367 826 generali,
393 777 479 814 etc.
508 771 690 813 Romae.
721 770 828 811 Alia
850 784 1008 811 manu:
1030 784 1073 825 p.
1107 785 1146 813 e.
1175 784 1234 812 m.
1277 769 1305 827 †
1335 771 1388 813 C.
1422 771 1546 824 1567.
1571 770 1781 815 Colonia.

153 848 203 890 P.
232 848 380 890 Natal.
409 860 464 902 24
488 849 531 891 di
555 850 589 891 F
593 849 714 891 ebr.⁰
753 847 1003 903 Vestigium
1027 848 1190 904 sigilli.

910 959 1027 999 416⁷

616 1044 658 1079 S.
692 1042 1022 1078 FRANCISCUS
1056 1043 1125 1077 DE
1152 1041 1321 1088 BORJA

481 1116 693 1159 PATRI
738 1115 1165 1158 HIERONYMO
1209 1115 1459 1158 NADAL

648 1199 808 1236 ROMAE,
828 1191 873 1225 26
898 1199 1124 1227 FEBRUARII
1151 1190 1240 1235 1567
1260 1193 1282 1227 ¹.

151 1267 189 1293 Ι.
227 1258 287 1293 De
316 1260 521 1293 contractu
543 1256 809 1303 fundationis
837 1256 1029 1302 spirensis
1058 1255 1323 1302 collegii—2.
1358 1257 1420 1292 De
1449 1257 1586 1292 habitu
1617 1270 1641 1293 a
1672 1260 1787 1294 sociis

200 1317 538 1363 usurpanda—3.
579 1315 773 1362 Operarii
798 1318 874 1361 pro
904 1315 1083 1362 collegiis
1106 1316 1467 1362 providendi—4.
1506 1317 1566 1352 De
1596 1318 1712 1353 sociis
1743 1319 1786 1353 in

198 1376 374 1410 Frisiam
395 1376 539 1410 missis:
559 1376 605 1410 cle
625 1374 725 1410 libro
747 1373 982 1410 Clzemnitii:
1001 1375 1048 1409 de
1066 1375 1231 1422 collegio
1244 1375 1522 1421 herbipolensi:
1538 1377 1688 1423 scripta
1706 1377 1788 1412 Na-

197 1435 291 1470 talis
308 1438 478 1481 recepta:
498 1435 692 1470 absolutio
711 1434 962 1480 relapsorum
982 1435 1025 1469 in
1042 1435 1258 1469 haeresim.
1271 1443 1354 1478 -5.
1381 1435 1631 1470 Procurator
1649 1436 1785 1472 Dilin-

191 1506 270 1541 gae
289 1495 524 1529 constitutus
538 1495 750 1540 probatur:
775 1495 822 1529 de
843 1494 1094 1540 promotione
1118 1495 1311 1541 magistri
1338 1493 1508 1541 Georgii
1530 1498 1566 1530 et
1590 1496 1785 1532 aliorum.-

194 1555 274 1589 duo
292 1554 382 1588 boni
406 1554 586 1600 operarii
619 1553 889 1588 Vindobonam
914 1553 1042 1588 missi:
1067 1554 1114 1588 de
1139 1554 1261 1588 Petro
1286 1554 1503 1589 Phae-6.
1539 1554 1595 1589 De
1618 1556 1785 1603 collegio

205 1613 416 1648 Trebonae:
437 1613 482 1647 de
501 1612 706 1647 mittendis
725 1612 893 1646 Romam
912 1623 958 1646 ex
977 1611 1217 1646 Germania:
1228 1611 1412 1658 facultas
1422 1613 1559 1659 plures
1576 1616 1787 1650 canonica-

199 1675 263 1706 tus
277 1672 506 1718 possidendi
524 1684 548 1706 a
563 1671 750 1718 pontifice
765 1674 840 1716 pro
860 1671 1127 1706 sacerdotibus
1153 1670 1399 1707 Germaniae
1418 1673 1641 1718 postulata:
1659 1675 1705 1709 de
1723 1686 1785 1710 ac-

202 1731 304 1766 tibus
333 1732 693 1778 congregationum
723 1737 804 1765 Lae
831 1733 868 1765 et
897 1737 980 1765 208
1007 1729 1150 1765 Natali
1175 1731 1484 1776 mittendis.—7.
1518 1732 1789 1769 Ribadeneira

200 1791 328 1826 sancti
358 1791 512 1838 Ignatii
537 1790 748 1826 historiam
771 1791 965 1825 adornat.
996 1790 1089 1824 Post
1107 1791 1301 1837 scriptum
1321 1791 1367 1825 de
1394 1791 1447 1825 P.
1478 1791 1690 1828 Francisco
1708 1794 1791 1829 An-

205 1851 327 1892 tonio,
347 1853 418 1886 etc.

253 1941 288 1971 Ι.
348 1930 479 1986 jhus.
507 1928 647 1971 Molto
670 1928 784 1971 Rdo.
811 1927 855 1969 in
879 1929 996 1983 Xpo.
1020 1927 1179 1970 Padre.
1201 1928 1296 1970 Pax
1314 1927 1418 1983 Xpi.
1445 1935 1532 1970 etc.
1555 1930 1606 1972 L'
1633 1929 1790 1975 ultime

156 2006 201 2048 di
225 2007 281 2049 V.
308 2007 362 2049 R.
389 2020 500 2048 sono
523 2005 567 2047 di
598 2017 645 2048 12
670 2012 714 2049 et
743 2005 794 2048 16
822 2003 867 2046 di
898 2005 1173 2056 Decembre,
1200 2005 1285 2048 alle
1317 2004 1437 2060 quali
1471 2005 1565 2048 faro
1597 2005 1790 2063 risposta

157 2098 235 2139 per
258 2083 299 2125 la
321 2090 545 2139 presente.
572 2083 755 2125 Intorno
778 2082 819 2124 al
843 2081 1033 2138 negocio
1055 2082 1111 2124 de
1132 2082 1174 2124 la
1197 2081 1480 2134 fundatione,
1507 2098 1597 2126 non
1626 2083 1788 2139 paiono

156 2160 446 2204 conuenienti
469 2160 510 2202 le
533 2158 779 2202 conditioni
801 2160 886 2202 che
909 2159 953 2201 in
977 2158 1107 2214 Spira
1129 2158 1166 2201 si
1189 2158 1435 2212 ricercano,
1461 2160 1505 2202 di
1530 2161 1610 2202 dar
1640 2161 1791 2216 predi-

160 2245 326 2290 catore,
353 2244 398 2281 et
421 2239 563 2280 anche
586 2236 746 2280 lettion
768 2236 812 2278 di
836 2236 1079 2293 theologia,
1106 2251 1196 2279 non
1231 2236 1275 2279 ui
1309 2237 1500 2281 essendo
1523 2238 1786 2292 vniuersitai,

160 2315 322 2370 perche
345 2328 625 2370 repugnano,
651 2327 779 2357 come
801 2314 858 2356 V.
885 2314 937 2356 R.
961 2327 1025 2365 sa,
1052 2312 1184 2356 simili
1213 2312 1385 2369 oblighi
1413 2314 1454 2356 al
1482 2321 1637 2358 nostro
1659 2315 1790 2358 insti—

163 2399 275 2444 tuto,
301 2406 391 2434 non
408 2392 656 2435 solamente
672 2389 955 2447 obligandosi
974 2405 999 2433 a
1017 2390 1151 2445 quelli
1170 2392 1254 2434 che
1272 2391 1422 2434 danno
1444 2391 1487 2434 la
1506 2392 1787 2445 fundatione,

163 2483 234 2511 ma
257 2470 399 2512 anche
422 2467 706 2524 obligandosi
727 2468 770 2509 la
791 2467 1073 2523 Compagnia
1104 2482 1130 2510 a
1163 2482 1210 2510 se
1242 2467 1402 2512 istessa
1435 2482 1513 2524 per
1542 2476 1787 2513 contratto.

164 2548 258 2589 Ben
282 2559 330 2588 se
352 2545 535 2589 intende
559 2545 588 2586 il
611 2544 802 2600 bisogno
825 2545 910 2588 che
930 2545 1082 2587 hanno
1104 2544 1150 2586 in
1173 2545 1418 2588 Germania
1440 2546 1496 2588 de
1518 2546 1789 2602 predicatori

160 2621 386 2675 catholici,
412 2629 457 2664 et
480 2623 563 2665 che
592 2621 903 2664 meritamente
931 2621 960 2662 1’
985 2620 1159 2664 intento
1187 2622 1285 2665 loro
1314 2621 1380 2664 sia
1411 2622 1454 2665 d'
1487 2623 1659 2667 hauerli
1694 2624 1785 2677 tali;

158 2714 231 2742 ma
254 2699 547 2755 repugnando
572 2705 732 2753 questo
754 2697 939 2754 obligho
962 2698 1004 2740 31
1026 2707 1180 2741 nostro
1202 2698 1425 2752 instituto,
1446 2700 1651 2756 potriano
1672 2701 1789 2744 forse

233 2842 242 2862 ¹
295 2840 351 2874 Ex
370 2841 592 2886 archetypo,
614 2851 635 2874 a
654 2838 879 2874 Fernandez
897 2844 1068 2881 exarato,
1095 2845 1134 2875 et
1158 2840 1325 2886 Borgiae
1351 2853 1466 2876 manu
1491 2841 1723 2888 subscripto,
1753 2843 1791 2878 in

165 2898 263 2934 Cocl.
292 2909 350 2945 34,
370 2898 514 2945 duplici
532 2898 614 2944 fol„
637 2907 701 2944 194
720 2898 795 2944 (80,
815 2898 888 2944 81).
911 2898 1004 2933 Post
1021 2898 1223 2945 scripturn,
1243 2901 1291 2935 ab
1311 2900 1386 2935 illis
1406 2900 1551 2935 verbis:
1579 2901 1661 2935 Por
1686 2905 1793 2936 estar

163 2968 286 3003 usque
304 2957 351 2992 ad
364 2957 494 2999 finem,
511 2958 651 3003 Borgia
670 2957 822 3004 propria
840 2969 955 2993 manu
973 2957 1134 2993 addidit.
1152 2959 1251 2994 Vide
1270 2959 1455 3006 epistolas
1473 2959 1556 3004 456,
1573 2968 1640 3005 457
1656 2967 1694 2995 et
1709 2971 1792 3006 450,

163 3016 307 3062 quibus
325 3016 387 3051 hie
405 3016 673 3062 respondetur.
