2101 3348
362 261 407 307 84
872 259 1011 294 EPIST.
1039 257 1083 292 P.
1111 255 1383 292 NADAL—382

314 363 507 407 Martino
531 359 778 412 Kemnisio,
804 366 962 402 contra
982 357 1055 401 chi
1088 357 1227 402 scrise
1254 373 1335 414 per
1366 359 1409 401 la
1441 360 1724 416 Compagnia
1755 360 1786 402 il
1816 361 1945 404 detto

299 441 506 482 ,dottore.
538 439 571 480 Il
594 437 720 479 titolo
743 436 788 479 di
811 436 916 479 tutti
938 435 1011 478 doi
1035 437 1059 479 e
1081 436 1289 478 Examen
1313 436 1593 479 decretorum
1619 438 1810 479 Concilii
1834 439 1938 480 Tm·-

309 517 496 567 dentini,
535 521 580 558 et
618 514 806 557 facendo
844 520 1004 569 questa
1039 512 1242 555 inaudita
1277 513 1536 569 arrogantia
1574 521 1619 557 et
1656 514 1935 570 impudentia

306 595 351 636 d'
376 607 465 635 una
487 590 630 634 bestia
651 605 780 634 come
802 590 965 646 quella,
991 590 1213 645 responde
1234 604 1260 632 a
1282 589 1424 634 Paiua
1445 591 1472 633 ¹.
1499 590 1700 635 Sarebbe
1725 590 1831 635 utile
1849 593 1934 636 che

306 670 367 712 lui
403 671 571 711 hauese
608 674 768 723 questo
805 667 942 718 libro,
975 673 1144 722 quanto
1172 666 1250 722 pisi
1287 674 1458 722 presto,
1498 674 1543 712 et
1571 668 1665 710 cosi
1694 668 1754 710 mi
1792 668 1936 725 prego

306 746 484 802 quando
506 759 554 788 se
576 760 634 789 ne
655 744 771 801 parti
792 744 850 787 da
872 745 1031 796 Roma,
1067 744 1233 799 perche
1264 743 1566 799 rispondendo
1595 759 1725 800 spero
1753 746 1836 788 che
1866 746 1934 788 fa—

304 823 441 868 rebbe
462 837 566 866 cosa
588 822 632 864 d'
657 822 951 878 importanza‚
979 823 1062 864 che
1085 822 1283 865 secondo
1304 835 1427 877 pare,
1452 821 1490 865 si
1513 836 1624 864 sono
1641 822 1778 865 mossi
1795 823 1935 866 molto

303 901 375 945 del
398 914 479 943 suo
502 899 632 952 libro,
658 906 703 941 et
731 901 881 941 hanno
910 913 1067 954 presso
1096 898 1290 941 alchune
1317 898 1516 954 opinioni
1543 899 1680 942 molto
1709 899 1923 955 pessime.

302 979 376 1020 Ho
399 983 586 1033 pensato
607 976 653 1018 di
675 975 874 1019 scriuere
897 990 986 1019 una
1008 976 1167 1018 lettera
1189 975 1230 1017 al
1255 977 1307 1018 Ρ.
1334 975 1554 1031 Dionysio
1575 991 1600 1019 a
1623 977 1834 1020 Anuersa
1860 976 1932 1019 di-

301 1053 478 1099 cendoli
500 1055 583 1097 che
606 1052 777 1108 compri
801 1060 962 1108 questo
982 1052 1114 1107 libro,
1139 1059 1185 1095 et
1206 1052 1250 1094 10
1273 1066 1441 1108 cuopra
1467 1053 1599 1105 bene,
1632 1060 1677 1095 et
1705 1053 1748 1096 lo
1777 1053 1929 1096 mandi

301 1146 386 1175 con
410 1146 495 1173 vna
519 1131 679 1174 lettera
701 1131 774 1172 ch'
800 1129 842 1173 io
865 1129 895 1171 li
918 1130 1132 1172 mandaro
1155 1129 1196 1172 al
1219 1128 1444 1173 cardinale
1465 1128 1654 1181 infante,
1681 1137 1726 1173 et
1748 1144 1838 1173 una
1861 1131 1928 1173 al—

299 1216 366 1251 tra
389 1223 467 1264 per
496 1207 525 1249 il
553 1208 731 1251 dottore
760 1206 918 1259 Paiua‚
955 1207 995 1249 al
1024 1206 1129 1262 qual
1157 1205 1384 1249 cardinale
1413 1205 1614 1248 scriuero
1645 1206 1688 1249 io
1715 1207 1758 1250 la
1788 1221 1929 1251 causa

297 1286 460 1341 perche
497 1285 660 1327 mando
698 1299 723 1327 a
759 1285 806 1328 S.
848 1285 907 1327 A.
949 1290 1108 1339 questo
1145 1283 1275 1335 libro,
1317 1284 1498 1338 perche,
1530 1298 1579 1327 se
1608 1283 1638 1325 li
1664 1299 1772 1340 pare
1799 1285 1927 1328 darlo

297 1362 370 1404 all’
396 1361 553 1413 Paiua,
579 1362 622 1404 lo
644 1360 733 1413 dia;
759 1375 807 1404 se
829 1375 936 1412 non,
962 1360 1105 1403 faccia
1126 1374 1254 1403 come
1282 1348 1439 1415 parera
1467 1375 1493 1403 a
1514 1361 1561 1404 S.
1589 1361 1668 1413 A.‚
1694 1362 1778 1406 che
1801 1361 1843 1404 io
1865 1363 1928 1404 ho

295 1445 482 1483 pensato
506 1439 598 1481 fare
621 1452 727 1481 cosa
748 1437 859 1482 utile
882 1438 1072 1482 facendo
1095 1444 1255 1493 questa
1276 1436 1529 1492 diligentia.

389 1528 454 1558 ΙΙ.
520 1516 584 1558 La
617 1515 801 1571 signora
838 1516 873 1558 F
879 1517 1044 1558 uchera
1081 1516 1139 1557 ha
1168 1514 1429 1557 dimandato
1467 1516 1550 1558 che
1588 1515 1783 1558 alchuno
1820 1516 1924 1560 delli

295 1592 435 1635 nostri
459 1591 629 1636 menasi
659 1592 731 1635 dal
761 1593 894 1652 Rmo.
934 1590 1160 1645 cardinale
1191 1591 1423 1635 Granuela
1452 1591 1483 1633 li
1511 1591 1609 1634 suoi
1641 1591 1715 1634 doi
1742 1592 1921 1648 figlioli,

293 1669 389 1713 cioe
433 1671 538 1713 Μ.ΓΟ
585 1669 792 1725 Philippo
835 1676 880 1713 et
922 1671 967 1712 M
977 1675 1028 1711 .Γο
1076 1667 1326 1712 Ottauiano
1342 1701 1351 1719 ,
1397 1668 1522 1711 accio
1564 1668 1799 1713 visitasero
1841 1684 1923 1714 sua

292 1747 399 1791 Sfla
431 1749 578 1799 Rma.‚
605 1754 650 1791 et
672 1761 756 1790 con
780 1746 913 1789 simili
935 1759 1249 1802 cognoscenze
1271 1752 1316 1788 et
1334 1745 1667 1788 conuersationi
1685 1745 1722 1789 si
1739 1747 1921 1802 possino

290 1824 523 1867 stimulare
546 1839 572 1866 a
593 1823 809 1880 seguitar’
834 1825 876 1866 la
897 1823 1035 1877 virtu,
1060 1830 1104 1866 et
1128 1837 1218 1865 non
1240 1822 1506 1878 sparagniar
1527 1823 1683 1866 fattica
1712 1831 1799 1867 etc.
1827 1825 1857 1867 ⁶².
1885 1826 1918 1868 Il

292 1903 344 1944 Ρ.
373 1900 572 1953 Canisio,
599 1900 867 1953 Vandelino,
894 1901 1113 1943 Ximenez
1142 1906 1187 1942 et
1217 1900 1259 1943 io
1287 1900 1426 1943 molto
1458 1900 1495 1943 si
1526 1901 1919 1945 raccomandiamo

291 1978 396 2021 nelli
418 1977 535 2020 santi
559 1977 763 2033 sacrificij
789 1984 834 2021 et
858 1976 1049 2020 orationi
1072 1978 1127 2020 de
1158 1979 1215 2020 V.
1245 1979 1316 2029 P.,
1342 1983 1387 2021 et
1409 1976 1680 2022 similmente
1708 1977 1754 2020 in
1782 1979 1919 2033 quelli

288 2055 376 2100 deli
399 2057 452 2098 P.
481 2054 669 2107 Mirone,
691 2056 743 2097 P.
766 2055 1011 2106 Euerardo‚
1034 2055 1085 2097 P.
1115 2055 1314 2097 Polanco
1336 2061 1444 2107 etc.‚
1468 2056 1523 2097 P.
1552 2054 1742 2107 Madrid,
1765 2057 1816 2098 P.
1838 2055 1917 2099 Ri-

288 2132 561 2188 badeneyra,
590 2133 641 2174 P.
668 2131 949 2175 Sebastiano.
978 2131 1102 2174 Iddio
1125 2139 1280 2174 nostro
1303 2131 1499 2187 Signore
1528 2147 1604 2187 per
1634 2146 1714 2175 sua
1742 2132 1918 2176 infinita

287 2209 594 2253 misericordia
624 2207 663 2251 ci
697 2208 769 2251 dia
798 2209 839 2250 la
868 2222 949 2250 sua
977 2207 1158 2263 copiosa
1187 2208 1332 2264 gratia
1360 2209 1416 2251 da
1446 2209 1526 2251 far'
1558 2224 1734 2265 sempre
1761 2210 1803 2252 la
1833 2224 1915 2253 sua

284 2370 381 2393 num
400 2358 447 2393 ll.
471 2367 532 2403 10,
551 2357 590 2393 in
608 2356 748 2404 quibus
767 2356 895 2391 omnia
913 2355 994 2391 fere
1013 2355 1061 2390 de
1083 2355 1273 2401 religione
1297 2355 1438 2403 capita,
1462 2368 1560 2403 quae
1585 2356 1644 2391 his
1669 2357 1911 2403 temporibus

283 2418 331 2453 ab
356 2417 562 2453 haereticis
587 2416 626 2452 in
655 2415 959 2451 controversiam
989 2421 1189 2456 vocantur,
1221 2420 1353 2461 aperte
1384 2420 1423 2450 et
1452 2415 1619 2450 dilucide
1646 2422 1908 2463 exponuntur,

281 2476 509 2522 praesertim
539 2481 672 2511 contra
703 2474 855 2510 Martini
881 2474 1091 2510 Chemnitii
1120 2475 1360 2520 petulantem
1389 2473 1653 2510 audaciam...
1690 2474 1788 2510 Cum
1820 2476 1907 2512 huic

280 2535 387 2582 operi
406 2535 672 2582 respondisset
690 2534 933 2570 Chemnitius
952 2533 1056 2568 edito
1074 2534 1257 2568 examine
1275 2545 1384 2568 conc.
1415 2534 1642 2576 tridentini,
1668 2535 1846 2581 opposuit
1871 2536 1907 2571 ei

281 2595 462 2630 Andrada
480 2595 765 2642 Defensionem
784 2594 1028 2628 tridentinae
1040 2592 1142 2639 fidei
1159 2593 1373 2627 catholicae
1392 2592 1439 2627 ll.
1463 2602 1486 2636 5
1503 2594 1820 2639 comprehensam
1844 2595 1908 2630 ad-

279 2666 416 2689 versus
441 2653 724 2698 haereticorum
748 2652 959 2688 calumnias
985 2657 1024 2687 et
1048 2651 1274 2698 praesertim
1300 2651 1453 2686 Martini
1484 2651 1710 2698 Chemnitii,
1741 2652 1905 2701 Olisipo-

278 2726 326 2748 ne
354 2713 456 2758 1578,
489 2712 673 2748 Coloniae
707 2712 811 2758 1580,
838 2711 1066 2757 Ingolstadii
1100 2719 1188 2756 1592
1219 2716 1374 2746 etc...»
1406 2711 1600 2756 HURTER‚
1626 2712 1910 2749 Nomenczator

277 2774 501 2816 literarius,
521 2773 551 2817 Ι,
572 2782 632 2818 20,
652 2781 710 2807 21.

350 2836 357 2854 ¹
410 2833 503 2867 Post
521 2833 616 2867 haec
634 2832 709 2867 duo
735 2831 945 2876 volumina,
970 2830 1043 2865 alia
1067 2829 1143 2864 duo
1168 2829 1289 2864 edidit
1312 2828 1557 2865 Chemnitius
1581 2841 1681 2865 anno
1709 2831 1811 2876 1573.
1839 2832 1905 2867 Al-

274 2898 355 2927 tera
372 2892 487 2938 hujus
505 2891 631 2938 operis
651 2889 961 2937 pestilentissimi
979 2889 1099 2924 editio
1118 2889 1156 2924 in
1175 2889 1266 2924 folio
1284 2889 1427 2934 prodiit
1445 2889 1710 2925 «Francofurti
1734 2890 1781 2925 ad
1799 2891 1903 2926 Moe·

271 2956 382 2996 num‚'
397 2963 497 2986 anno
515 2963 627 2986 aerae
653 2950 915 2997 Dionysianae
934 2949 1019 2986 CR)
1039 2948 1173 2986 IQCC.
1194 2949 1290 2983 VII»
1311 2948 1463 2983 Nostris
1482 2949 1597 2984 etiam
1617 2949 1755 2985 diebus
1772 2950 1902 2985 denuo

269 3022 449 3046 recusum
467 3009 539 3045 fuit
557 3021 658 3045 anno
680 3009 783 3045 1862.

338 3072 352 3091 ‘²
403 3068 503 3105 Vide
522 3069 635 3116 epist.
657 3068 740 3115 359,
758 3081 796 3105 n.
817 3067 852 3110 3,
872 3073 1004 3104 annot.
1023 3077 1059 3113 4.
