<?xml version="1.0" encoding="UTF-8"?>
<!DOCTYPE html PUBLIC "-//W3C//DTD XHTML 1.0 Transitional//EN"
    "http://www.w3.org/TR/xhtml1/DTD/xhtml1-transitional.dtd">
<html xmlns="http://www.w3.org/1999/xhtml" xml:lang="en" lang="en">
 <head>
  <title>
</title>
<meta http-equiv="Content-Type" content="text/html;charset=utf-8" />
  <meta name='ocr-system' content='tesseract 3.04.00' />
  <meta name='ocr-capabilities' content='ocr_page ocr_carea ocr_par ocr_line ocrx_word'/>
</head>
<body>
  <div class='ocr_page' id='page_1' title='image "./epistolaephieron10nada_0839.png"; bbox 0 0 2101 3348; ppageno 0'>
   <div class='ocr_carea' id='block_1_1' title="bbox 825 200 1698 242">
    <p class='ocr_par' dir='ltr' id='par_1_1' title="bbox 825 200 1698 242">
     <span class='ocr_line' id='line_1_1' title="bbox 825 200 1698 242; baseline -0.006 -7"><span class='ocrx_word' id='word_1_1' title='bbox 825 200 1042 236; x_wconf 78' lang='lat' dir='ltr'>APPENDIX</span> <span class='ocrx_word' id='word_1_2' title='bbox 1628 203 1698 242; x_wconf 87' lang='lat'>799</span> 
     </span>
    </p>
   </div>
   <div class='ocr_carea' id='block_1_2' title="bbox 655 299 1207 421">
    <p class='ocr_par' dir='ltr' id='par_1_2' title="bbox 655 299 1207 421">
     <span class='ocr_line' id='line_1_2' title="bbox 834 299 1034 345; baseline 0 -1"><span class='ocrx_word' id='word_1_3' title='bbox 834 302 936 345; x_wconf 80' lang='lat' dir='ltr'>LVI</span> <span class='ocrx_word' id='word_1_4' title='bbox 958 299 1034 344; x_wconf 84' lang='lat' dir='ltr'>(bis</span> 
     </span>
     <span class='ocr_line' id='line_1_3' title="bbox 655 382 1207 421; baseline -0.005 0"><span class='ocrx_word' id='word_1_5' title='bbox 655 383 986 421; x_wconf 86' lang='lat' dir='ltr'><strong>STANISLAUS</strong></span> <span class='ocrx_word' id='word_1_6' title='bbox 1013 382 1207 420; x_wconf 81' lang='lat' dir='ltr'>Hosms</span> 
     </span>
    </p>
   </div>
   <div class='ocr_carea' id='block_1_3' title="bbox 446 474 1422 608">
    <p class='ocr_par' dir='ltr' id='par_1_3' title="bbox 446 474 1422 608">
     <span class='ocr_line' id='line_1_4' title="bbox 446 474 1422 516; baseline -0.005 -8"><span class='ocrx_word' id='word_1_7' title='bbox 446 478 646 508; x_wconf 81' lang='lat' dir='ltr'><strong>PATRI</strong></span> <span class='ocrx_word' id='word_1_8' title='bbox 696 475 942 516; x_wconf 87' lang='lat' dir='ltr'>JOANNI</span> <span class='ocrx_word' id='word_1_9' title='bbox 991 475 1069 505; x_wconf 89' lang='lat' dir='ltr'>DE</span> <span class='ocrx_word' id='word_1_10' title='bbox 1118 474 1422 504; x_wconf 83' lang='lat' dir='ltr'>POLANco</span> 
     </span>
     <span class='ocr_line' id='line_1_5' title="bbox 491 550 1370 608; baseline -0.006 -11"><span class='ocrx_word' id='word_1_11' title='bbox 491 553 807 608; x_wconf 87' lang='lat' dir='ltr'>Heilsbergae,</span> <span class='ocrx_word' id='word_1_12' title='bbox 835 564 884 606; x_wconf 83' lang='lat'>13</span> <span class='ocrx_word' id='word_1_13' title='bbox 903 550 1182 607; x_wconf 79' lang='lat' dir='ltr'>Septembris</span> <span class='ocrx_word' id='word_1_14' title='bbox 1194 563 1222 593; x_wconf 81' lang='grc' dir='ltr'>,Ι</span> <span class='ocrx_word' id='word_1_15' title='bbox 1231 551 1315 604; x_wconf 82' lang='grc'>567</span> <span class='ocrx_word' id='word_1_16' title='bbox 1343 552 1370 592; x_wconf 91' lang='lat'>¹.</span> 
     </span>
    </p>
   </div>
   <div class='ocr_carea' id='block_1_4' title="bbox 426 638 1438 685">
    <p class='ocr_par' dir='ltr' id='par_1_4' title="bbox 426 638 1438 685">
     <span class='ocr_line' id='line_1_6' title="bbox 426 638 1438 685; baseline -0.005 -8"><span class='ocrx_word' id='word_1_17' title='bbox 426 643 474 676; x_wconf 87' lang='lat' dir='ltr'>P.</span> <span class='ocrx_word' id='word_1_18' title='bbox 503 641 635 676; x_wconf 81' lang='lat' dir='ltr'>Hem·</span> <span class='ocrx_word' id='word_1_19' title='bbox 620 652 727 676; x_wconf 66' lang='lat' dir='ltr'>tcum</span> <span class='ocrx_word' id='word_1_20' title='bbox 753 639 991 685; x_wconf 81' lang='lat' dir='ltr'>Dionysium</span> <span class='ocrx_word' id='word_1_21' title='bbox 1017 639 1091 673; x_wconf 78' lang='lat' dir='ltr'>sibi</span> <span class='ocrx_word' id='word_1_22' title='bbox 1118 638 1225 673; x_wconf 77' lang='lat' dir='ltr'>mitti</span> <span class='ocrx_word' id='word_1_23' title='bbox 1245 638 1438 685; x_wconf 77' lang='lat' dir='ltr'>postulat.</span> 
     </span>
    </p>
   </div>
   <div class='ocr_carea' id='block_1_5' title="bbox 113 698 1745 2782">
    <p class='ocr_par' dir='ltr' id='par_1_5' title="bbox 113 698 1745 2725">
     <span class='ocr_line' id='line_1_7' title="bbox 208 698 1743 775; baseline -0.005 -11"><span class='ocrx_word' id='word_1_24' title='bbox 208 721 255 765; x_wconf 93' lang='lat' dir='ltr'>S</span> <span class='ocrx_word' id='word_1_25' title='bbox 284 722 336 763; x_wconf 90' lang='lat' dir='ltr'>P</span> <span class='ocrx_word' id='word_1_26' title='bbox 363 698 500 775; x_wconf 89' lang='lat' dir='ltr'>Quod</span> <span class='ocrx_word' id='word_1_27' title='bbox 519 721 570 761; x_wconf 92' lang='lat' dir='ltr'>P.</span> <span class='ocrx_word' id='word_1_28' title='bbox 597 719 674 769; x_wconf 96' lang='lat' dir='ltr'>V.</span> <span class='ocrx_word' id='word_1_29' title='bbox 701 732 815 772; x_wconf 90' lang='lat' dir='ltr'>quae</span> <span class='ocrx_word' id='word_1_30' title='bbox 836 716 1096 759; x_wconf 89' lang='lat' dir='ltr'>scribuntur</span> <span class='ocrx_word' id='word_1_31' title='bbox 1118 731 1144 758; x_wconf 90' lang='lat' dir='ltr'>a</span> <span class='ocrx_word' id='word_1_32' title='bbox 1166 731 1254 768; x_wconf 92' lang='lat' dir='ltr'>me,</span> <span class='ocrx_word' id='word_1_33' title='bbox 1274 715 1321 758; x_wconf 90' lang='lat' dir='ltr'>in</span> <span class='ocrx_word' id='word_1_34' title='bbox 1338 714 1552 771; x_wconf 79' lang='lat' dir='ltr'>optimam</span> <span class='ocrx_word' id='word_1_35' title='bbox 1569 721 1743 770; x_wconf 93' lang='lat' dir='ltr'>partem</span> 
     </span>
     <span class='ocr_line' id='line_1_8' title="bbox 117 773 1744 835; baseline -0.004 -13"><span class='ocrx_word' id='word_1_36' title='bbox 117 779 463 835; x_wconf 82' lang='lat' dir='ltr'>interpretatur,</span> <span class='ocrx_word' id='word_1_37' title='bbox 509 777 593 822; x_wconf 89' lang='lat' dir='ltr'>etsi</span> <span class='ocrx_word' id='word_1_38' title='bbox 634 791 866 831; x_wconf 90' lang='lat' dir='ltr'>nunquam</span> <span class='ocrx_word' id='word_1_39' title='bbox 905 775 1025 818; x_wconf 91' lang='lat' dir='ltr'>aliud</span> <span class='ocrx_word' id='word_1_40' title='bbox 1067 775 1174 817; x_wconf 91' lang='lat' dir='ltr'>mihi</span> <span class='ocrx_word' id='word_1_41' title='bbox 1217 775 1274 819; x_wconf 93' lang='lat' dir='ltr'>de</span> <span class='ocrx_word' id='word_1_42' title='bbox 1317 781 1473 818; x_wconf 88' lang='lat' dir='ltr'>sancta</span> <span class='ocrx_word' id='word_1_43' title='bbox 1516 773 1744 818; x_wconf 91' lang='lat' dir='ltr'>Societate</span> 
     </span>
     <span class='ocr_line' id='line_1_9' title="bbox 115 832 1744 894; baseline -0.004 -12"><span class='ocrx_word' id='word_1_44' title='bbox 115 846 267 882; x_wconf 88' lang='lat' dir='ltr'>vestra</span> <span class='ocrx_word' id='word_1_45' title='bbox 289 838 632 894; x_wconf 79' lang='lat' dir='ltr'>persuadebam,</span> <span class='ocrx_word' id='word_1_46' title='bbox 658 843 838 891; x_wconf 88' lang='lat' dir='ltr'>gratum</span> <span class='ocrx_word' id='word_1_47' title='bbox 861 842 1009 877; x_wconf 91' lang='lat' dir='ltr'>tamen</span> <span class='ocrx_word' id='word_1_48' title='bbox 1035 834 1119 877; x_wconf 90' lang='lat' dir='ltr'>fuit</span> <span class='ocrx_word' id='word_1_49' title='bbox 1142 833 1276 878; x_wconf 88' lang='lat' dir='ltr'>etiam</span> <span class='ocrx_word' id='word_1_50' title='bbox 1300 848 1356 876; x_wconf 83' lang='lat' dir='ltr'>ex</span> <span class='ocrx_word' id='word_1_51' title='bbox 1384 833 1502 875; x_wconf 90' lang='lat' dir='ltr'>illius</span> <span class='ocrx_word' id='word_1_52' title='bbox 1534 833 1675 876; x_wconf 86' lang='lat' dir='ltr'>literis</span> <span class='ocrx_word' id='word_1_53' title='bbox 1697 832 1744 875; x_wconf 89' lang='lat' dir='ltr'>id</span> 
     </span>
     <span class='ocr_line' id='line_1_10' title="bbox 113 893 1742 953; baseline -0.004 -13"><span class='ocrx_word' id='word_1_54' title='bbox 113 911 406 953; x_wconf 81' lang='lat' dir='ltr'>cognoscere.</span> <span class='ocrx_word' id='word_1_55' title='bbox 448 898 528 939; x_wconf 88' lang='lat' dir='ltr'>Est</span> <span class='ocrx_word' id='word_1_56' title='bbox 565 895 746 950; x_wconf 88' lang='lat' dir='ltr'>quidem</span> <span class='ocrx_word' id='word_1_57' title='bbox 782 894 859 946; x_wconf 90' lang='lat' dir='ltr'>ita,</span> <span class='ocrx_word' id='word_1_58' title='bbox 902 894 1022 949; x_wconf 91' lang='lat' dir='ltr'>quod</span> <span class='ocrx_word' id='word_1_59' title='bbox 1058 900 1260 936; x_wconf 80' lang='lat' dir='ltr'>sanctam</span> <span class='ocrx_word' id='word_1_60' title='bbox 1306 893 1580 937; x_wconf 86' lang='lat' dir='ltr'>Societatem</span> <span class='ocrx_word' id='word_1_61' title='bbox 1621 893 1742 934; x_wconf 90' lang='lat' dir='ltr'>hanc</span> 
     </span>
     <span class='ocr_line' id='line_1_11' title="bbox 115 952 1744 1020; baseline -0.004 -20"><span class='ocrx_word' id='word_1_62' title='bbox 115 965 292 1000; x_wconf 85' lang='lat' dir='ltr'>auctam</span> <span class='ocrx_word' id='word_1_63' title='bbox 317 964 362 1001; x_wconf 87' lang='lat' dir='ltr'>et</span> <span class='ocrx_word' id='word_1_64' title='bbox 390 955 731 1011; x_wconf 83' lang='lat' dir='ltr'>multiplicatam</span> <span class='ocrx_word' id='word_1_65' title='bbox 760 953 928 1020; x_wconf 85' lang='lat' dir='ltr'>vbique</span> <span class='ocrx_word' id='word_1_66' title='bbox 950 954 1153 995; x_wconf 86' lang='lat' dir='ltr'>locorum</span> <span class='ocrx_word' id='word_1_67' title='bbox 1183 952 1332 1008; x_wconf 91' lang='lat' dir='ltr'>cupio,</span> <span class='ocrx_word' id='word_1_68' title='bbox 1364 953 1443 995; x_wconf 92' lang='lat' dir='ltr'>sed</span> <span class='ocrx_word' id='word_1_69' title='bbox 1480 952 1652 1006; x_wconf 87' lang='lat' dir='ltr'>absque</span> <span class='ocrx_word' id='word_1_70' title='bbox 1675 958 1744 993; x_wconf 90' lang='lat' dir='ltr'>ta-</span> 
     </span>
     <span class='ocr_line' id='line_1_12' title="bbox 117 1010 1744 1078; baseline -0.004 -20"><span class='ocrx_word' id='word_1_71' title='bbox 117 1031 220 1059; x_wconf 90' lang='lat' dir='ltr'>men</span> <span class='ocrx_word' id='word_1_72' title='bbox 237 1016 506 1059; x_wconf 90' lang='lat' dir='ltr'>detrimento</span> <span class='ocrx_word' id='word_1_73' title='bbox 529 1013 707 1070; x_wconf 86' lang='lat' dir='ltr'>collegii</span> <span class='ocrx_word' id='word_1_74' title='bbox 731 1013 872 1055; x_wconf 90' lang='lat' dir='ltr'>nostri</span> <span class='ocrx_word' id='word_1_75' title='bbox 900 1011 1323 1078; x_wconf 79' lang='lat' dir='ltr'>braunspergensis,</span> <span class='ocrx_word' id='word_1_76' title='bbox 1357 1025 1460 1053; x_wconf 91' lang='lat' dir='ltr'>cum</span> <span class='ocrx_word' id='word_1_77' title='bbox 1495 1025 1587 1053; x_wconf 89' lang='lat' dir='ltr'>non</span> <span class='ocrx_word' id='word_1_78' title='bbox 1609 1010 1744 1065; x_wconf 77' lang='lat' dir='ltr'>igno-</span> 
     </span>
     <span class='ocr_line' id='line_1_13' title="bbox 117 1070 1744 1130; baseline -0.004 -12"><span class='ocrx_word' id='word_1_79' title='bbox 117 1082 185 1118; x_wconf 88' lang='lat' dir='ltr'>ret</span> <span class='ocrx_word' id='word_1_80' title='bbox 209 1078 262 1118; x_wconf 92' lang='grc' dir='ltr'>Ρ.</span> <span class='ocrx_word' id='word_1_81' title='bbox 289 1077 366 1127; x_wconf 93' lang='lat' dir='ltr'>V.</span> <span class='ocrx_word' id='word_1_82' title='bbox 397 1075 520 1130; x_wconf 89' lang='lat' dir='ltr'>quod</span> <span class='ocrx_word' id='word_1_83' title='bbox 556 1073 760 1116; x_wconf 89' lang='lat' dir='ltr'>ordinata</span> <span class='ocrx_word' id='word_1_84' title='bbox 798 1071 991 1114; x_wconf 88' lang='lat' dir='ltr'>charitas</span> <span class='ocrx_word' id='word_1_85' title='bbox 1028 1071 1183 1126; x_wconf 87' lang='lat' dir='ltr'>incipit</span> <span class='ocrx_word' id='word_1_86' title='bbox 1215 1086 1240 1113; x_wconf 91' lang='lat' dir='ltr'>a</span> <span class='ocrx_word' id='word_1_87' title='bbox 1270 1070 1435 1126; x_wconf 87' lang='grc'>501050</span> <span class='ocrx_word' id='word_1_88' title='bbox 1478 1070 1615 1125; x_wconf 91' lang='lat' dir='ltr'>Quod</span> <span class='ocrx_word' id='word_1_89' title='bbox 1636 1084 1744 1112; x_wconf 84' lang='lat' dir='ltr'>vero</span> 
     </span>
     <span class='ocr_line' id='line_1_14' title="bbox 119 1128 1745 1186; baseline -0.006 -7"><span class='ocrx_word' id='word_1_90' title='bbox 119 1134 280 1179; x_wconf 85' lang='lat' dir='ltr'>attinet</span> <span class='ocrx_word' id='word_1_91' title='bbox 297 1135 354 1178; x_wconf 92' lang='lat' dir='ltr'>ad</span> <span class='ocrx_word' id='word_1_92' title='bbox 373 1136 423 1177; x_wconf 91' lang='grc' dir='ltr'>Ρ.</span> <span class='ocrx_word' id='word_1_93' title='bbox 446 1132 696 1177; x_wconf 89' lang='grc' dir='ltr'>Ηο111100111</span> <span class='ocrx_word' id='word_1_94' title='bbox 714 1130 999 1186; x_wconf 87' lang='lat' dir='ltr'>Dionysium,</span> <span class='ocrx_word' id='word_1_95' title='bbox 1020 1145 1121 1173; x_wconf 92' lang='lat' dir='ltr'>eum</span> <span class='ocrx_word' id='word_1_96' title='bbox 1140 1130 1236 1172; x_wconf 91' lang='lat' dir='ltr'>iure</span> <span class='ocrx_word' id='word_1_97' title='bbox 1254 1144 1353 1173; x_wconf 93' lang='lat' dir='ltr'>meo</span> <span class='ocrx_word' id='word_1_98' title='bbox 1372 1130 1610 1172; x_wconf 85' lang='lat' dir='ltr'>vendicare</span> <span class='ocrx_word' id='word_1_99' title='bbox 1633 1128 1745 1171; x_wconf 90' lang='lat' dir='ltr'>mihi</span> 
     </span>
     <span class='ocr_line' id='line_1_15' title="bbox 120 1187 1740 1259; baseline -0.004 -23"><span class='ocrx_word' id='word_1_100' title='bbox 120 1193 291 1246; x_wconf 89' lang='lat' dir='ltr'>videor,</span> <span class='ocrx_word' id='word_1_101' title='bbox 317 1192 679 1259; x_wconf 88' lang='lat' dir='ltr'>quandoquidem</span> <span class='ocrx_word' id='word_1_102' title='bbox 703 1191 842 1234; x_wconf 87' lang='lat' dir='ltr'>semel</span> <span class='ocrx_word' id='word_1_103' title='bbox 865 1191 920 1232; x_wconf 91' lang='lat' dir='ltr'>ab</span> <span class='ocrx_word' id='word_1_104' title='bbox 942 1192 1028 1232; x_wconf 88' lang='lat' dir='ltr'>hac</span> <span class='ocrx_word' id='word_1_105' title='bbox 1058 1197 1214 1232; x_wconf 86' lang='lat' dir='ltr'>sancta</span> <span class='ocrx_word' id='word_1_106' title='bbox 1242 1188 1470 1233; x_wconf 90' lang='lat' dir='ltr'>Societate</span> <span class='ocrx_word' id='word_1_107' title='bbox 1501 1187 1608 1231; x_wconf 91' lang='lat' dir='ltr'>mihi</span> <span class='ocrx_word' id='word_1_108' title='bbox 1640 1203 1740 1243; x_wconf 92' lang='lat' dir='ltr'>pro</span> 
     </span>
     <span class='ocr_line' id='line_1_16' title="bbox 122 1248 1744 1305; baseline -0.004 -10"><span class='ocrx_word' id='word_1_109' title='bbox 122 1253 284 1296; x_wconf 90' lang='lat' dir='ltr'>missus</span> <span class='ocrx_word' id='word_1_110' title='bbox 308 1252 407 1305; x_wconf 88' lang='lat' dir='ltr'>fuit,</span> <span class='ocrx_word' id='word_1_111' title='bbox 448 1251 577 1295; x_wconf 90' lang='lat' dir='ltr'>cuius</span> <span class='ocrx_word' id='word_1_112' title='bbox 614 1251 802 1294; x_wconf 87' lang='lat' dir='ltr'>verbum</span> <span class='ocrx_word' id='word_1_113' title='bbox 825 1264 916 1291; x_wconf 92' lang='lat' dir='ltr'>non</span> <span class='ocrx_word' id='word_1_114' title='bbox 952 1248 1109 1291; x_wconf 87' lang='lat' dir='ltr'>dubito</span> <span class='ocrx_word' id='word_1_115' title='bbox 1146 1248 1254 1303; x_wconf 89' lang='lat' dir='ltr'>quin</span> <span class='ocrx_word' id='word_1_116' title='bbox 1277 1248 1349 1290; x_wconf 89' lang='lat' dir='ltr'>sit:</span> <span class='ocrx_word' id='word_1_117' title='bbox 1376 1255 1460 1299; x_wconf 90' lang='lat' dir='ltr'>est,</span> <span class='ocrx_word' id='word_1_118' title='bbox 1497 1255 1579 1291; x_wconf 89' lang='lat' dir='ltr'>est.</span> <span class='ocrx_word' id='word_1_119' title='bbox 1607 1248 1744 1302; x_wconf 91' lang='lat' dir='ltr'>Quod</span> 
     </span>
     <span class='ocr_line' id='line_1_17' title="bbox 119 1307 1744 1362; baseline -0.003 -7"><span class='ocrx_word' id='word_1_120' title='bbox 119 1319 270 1356; x_wconf 90' lang='lat' dir='ltr'>autem</span> <span class='ocrx_word' id='word_1_121' title='bbox 292 1312 454 1354; x_wconf 87' lang='lat' dir='ltr'>iterum</span> <span class='ocrx_word' id='word_1_122' title='bbox 477 1310 780 1354; x_wconf 86' lang='lat' dir='ltr'>valetudinem</span> <span class='ocrx_word' id='word_1_123' title='bbox 803 1316 1028 1359; x_wconf 85' lang='lat' dir='ltr'>causatur</span> <span class='ocrx_word' id='word_1_124' title='bbox 1055 1308 1092 1350; x_wconf 90' lang='lat' dir='ltr'>si</span> <span class='ocrx_word' id='word_1_125' title='bbox 1115 1307 1222 1349; x_wconf 86' lang='lat' dir='ltr'>mihi</span> <span class='ocrx_word' id='word_1_126' title='bbox 1244 1307 1414 1358; x_wconf 86' lang='lat' dir='ltr'>liceret,</span> <span class='ocrx_word' id='word_1_127' title='bbox 1440 1307 1534 1362; x_wconf 90' lang='lat' dir='ltr'>ipse</span> <span class='ocrx_word' id='word_1_128' title='bbox 1564 1321 1744 1361; x_wconf 90' lang='lat' dir='ltr'>quoque</span> 
     </span>
     <span class='ocr_line' id='line_1_18' title="bbox 119 1366 1744 1423; baseline -0.003 -9"><span class='ocrx_word' id='word_1_129' title='bbox 119 1371 314 1415; x_wconf 89' lang='lat' dir='ltr'>dicerem</span> <span class='ocrx_word' id='word_1_130' title='bbox 339 1373 391 1414; x_wconf 90' lang='grc' dir='ltr'>Ρ.</span> <span class='ocrx_word' id='word_1_131' title='bbox 419 1373 623 1414; x_wconf 89' lang='lat' dir='ltr'>Vestrae:</span> <span class='ocrx_word' id='word_1_132' title='bbox 650 1369 851 1411; x_wconf 63' lang='lat' dir='ltr'>Modica&amp;</span> <span class='ocrx_word' id='word_1_133' title='bbox 865 1368 993 1423; x_wconf 73' lang='lat' dir='ltr'>fidet,</span> <span class='ocrx_word' id='word_1_134' title='bbox 1013 1381 1187 1422; x_wconf 56' lang='lat' dir='ltr'>quate</span> <span class='ocrx_word' id='word_1_135' title='bbox 1176 1366 1440 1408; x_wconf 57' lang='lat' dir='ltr'>dubztastffi-</span> <span class='ocrx_word' id='word_1_136' title='bbox 1466 1366 1626 1409; x_wconf 89' lang='lat' dir='ltr'>Nvllus</span> <span class='ocrx_word' id='word_1_137' title='bbox 1644 1380 1744 1410; x_wconf 88' lang='lat' dir='ltr'>esse</span> 
     </span>
     <span class='ocr_line' id='line_1_19' title="bbox 119 1426 1744 1486; baseline -0.004 -13"><span class='ocrx_word' id='word_1_138' title='bbox 119 1438 268 1486; x_wconf 88' lang='lat' dir='ltr'>potest</span> <span class='ocrx_word' id='word_1_139' title='bbox 289 1432 416 1474; x_wconf 90' lang='lat' dir='ltr'>locus</span> <span class='ocrx_word' id='word_1_140' title='bbox 438 1429 714 1472; x_wconf 89' lang='lat' dir='ltr'>commodior</span> <span class='ocrx_word' id='word_1_141' title='bbox 750 1428 868 1470; x_wconf 88' lang='lat' dir='ltr'>illius</span> <span class='ocrx_word' id='word_1_142' title='bbox 905 1426 1152 1469; x_wconf 88' lang='lat' dir='ltr'>valetudini</span> <span class='ocrx_word' id='word_1_143' title='bbox 1175 1426 1370 1469; x_wconf 85' lang='lat' dir='ltr'>tuendae</span> <span class='ocrx_word' id='word_1_144' title='bbox 1391 1431 1436 1468; x_wconf 93' lang='lat' dir='ltr'>et</span> <span class='ocrx_word' id='word_1_145' title='bbox 1464 1439 1744 1468; x_wconf 87' lang='lat' dir='ltr'>conseruan-</span> 
     </span>
     <span class='ocr_line' id='line_1_20' title="bbox 118 1484 1743 1554; baseline -0.004 -21"><span class='ocrx_word' id='word_1_146' title='bbox 118 1490 218 1542; x_wconf 91' lang='lat' dir='ltr'>dae,</span> <span class='ocrx_word' id='word_1_147' title='bbox 244 1504 376 1545; x_wconf 90' lang='lat' dir='ltr'>quam</span> <span class='ocrx_word' id='word_1_148' title='bbox 400 1489 457 1531; x_wconf 89' lang='lat' dir='ltr'>sit</span> <span class='ocrx_word' id='word_1_149' title='bbox 481 1491 816 1554; x_wconf 80' lang='lat' dir='ltr'>Braunsperga,</span> <span class='ocrx_word' id='word_1_150' title='bbox 843 1500 932 1541; x_wconf 91' lang='lat' dir='ltr'>quo</span> <span class='ocrx_word' id='word_1_151' title='bbox 960 1493 1253 1542; x_wconf 85' lang='lat' dir='ltr'>posteaquam</span> <span class='ocrx_word' id='word_1_152' title='bbox 1281 1491 1520 1536; x_wconf 81' lang='lat' dir='ltr'>venerunt,</span> <span class='ocrx_word' id='word_1_153' title='bbox 1547 1484 1622 1539; x_wconf 90' lang='lat' dir='ltr'>qui</span> <span class='ocrx_word' id='word_1_154' title='bbox 1644 1485 1743 1526; x_wconf 90' lang='grc'>1311-</span> 
     </span>
     <span class='ocr_line' id='line_1_21' title="bbox 118 1543 1742 1610; baseline -0.004 -18"><span class='ocrx_word' id='word_1_155' title='bbox 118 1550 320 1606; x_wconf 86' lang='lat' dir='ltr'>guebant</span> <span class='ocrx_word' id='word_1_156' title='bbox 358 1548 479 1599; x_wconf 85' lang='lat' dir='ltr'>alibi,</span> <span class='ocrx_word' id='word_1_157' title='bbox 516 1547 666 1591; x_wconf 90' lang='lat' dir='ltr'>statim</span> <span class='ocrx_word' id='word_1_158' title='bbox 690 1546 785 1589; x_wconf 89' lang='lat' dir='ltr'>sani</span> <span class='ocrx_word' id='word_1_159' title='bbox 809 1545 913 1588; x_wconf 84' lang='lat' dir='ltr'>facti</span> <span class='ocrx_word' id='word_1_160' title='bbox 937 1552 1058 1596; x_wconf 91' lang='lat' dir='ltr'>sunt,</span> <span class='ocrx_word' id='word_1_161' title='bbox 1085 1552 1130 1588; x_wconf 90' lang='lat' dir='ltr'>et</span> <span class='ocrx_word' id='word_1_162' title='bbox 1151 1559 1232 1610; x_wconf 83' lang='grc'>001</span> <span class='ocrx_word' id='word_1_163' title='bbox 1253 1543 1337 1586; x_wconf 89' lang='lat' dir='ltr'>Dei</span> <span class='ocrx_word' id='word_1_164' title='bbox 1367 1543 1558 1599; x_wconf 81' lang='lat' dir='ltr'>gratiam</span> <span class='ocrx_word' id='word_1_165' title='bbox 1580 1545 1742 1585; x_wconf 85' lang='lat' dir='ltr'>fruun—</span> 
     </span>
     <span class='ocr_line' id='line_1_22' title="bbox 118 1601 1741 1660; baseline -0.004 -9"><span class='ocrx_word' id='word_1_166' title='bbox 118 1616 190 1651; x_wconf 91' lang='lat' dir='ltr'>tur</span> <span class='ocrx_word' id='word_1_167' title='bbox 211 1623 366 1652; x_wconf 89' lang='grc'>01111105</span> <span class='ocrx_word' id='word_1_168' title='bbox 388 1610 506 1651; x_wconf 90' lang='grc'>00113</span> <span class='ocrx_word' id='word_1_169' title='bbox 535 1606 807 1650; x_wconf 88' lang='lat' dir='ltr'>valetudine.</span> <span class='ocrx_word' id='word_1_170' title='bbox 834 1607 948 1660; x_wconf 86' lang='lat' dir='ltr'>Qua</span> <span class='ocrx_word' id='word_1_171' title='bbox 942 1605 1156 1656; x_wconf 89' lang='grc'>110010111,</span> <span class='ocrx_word' id='word_1_172' title='bbox 1188 1603 1225 1646; x_wconf 89' lang='grc'>51</span> <span class='ocrx_word' id='word_1_173' title='bbox 1250 1602 1388 1645; x_wconf 89' lang='lat' dir='ltr'>uultis</span> <span class='ocrx_word' id='word_1_174' title='bbox 1416 1602 1534 1644; x_wconf 90' lang='lat' dir='ltr'>illius</span> <span class='ocrx_word' id='word_1_175' title='bbox 1563 1601 1741 1645; x_wconf 87' lang='lat' dir='ltr'>incolu—</span> 
     </span>
     <span class='ocr_line' id='line_1_23' title="bbox 118 1663 1741 1728; baseline -0.004 -18"><span class='ocrx_word' id='word_1_176' title='bbox 118 1667 261 1710; x_wconf 87' lang='lat' dir='ltr'>mitati</span> <span class='ocrx_word' id='word_1_177' title='bbox 285 1674 588 1723; x_wconf 86' lang='lat' dir='ltr'>prospectum,</span> <span class='ocrx_word' id='word_1_178' title='bbox 614 1668 704 1707; x_wconf 91' lang='lat' dir='ltr'>huc</span> <span class='ocrx_word' id='word_1_179' title='bbox 727 1680 828 1709; x_wconf 89' lang='lat' dir='ltr'>eum</span> <span class='ocrx_word' id='word_1_180' title='bbox 848 1664 1026 1715; x_wconf 89' lang='lat' dir='ltr'>mittite,</span> <span class='ocrx_word' id='word_1_181' title='bbox 1059 1663 1270 1728; x_wconf 82' lang='lat' dir='ltr'>precipue</span> <span class='ocrx_word' id='word_1_182' title='bbox 1292 1663 1375 1705; x_wconf 90' lang='lat' dir='ltr'>sub</span> <span class='ocrx_word' id='word_1_183' title='bbox 1408 1676 1596 1705; x_wconf 89' lang='lat' dir='ltr'>vernum</span> <span class='ocrx_word' id='word_1_184' title='bbox 1626 1669 1741 1705; x_wconf 93' lang='lat' dir='ltr'>tem-</span> 
     </span>
     <span class='ocr_line' id='line_1_24' title="bbox 117 1721 1742 1794; baseline -0.004 -24"><span class='ocrx_word' id='word_1_185' title='bbox 117 1742 218 1794; x_wconf 83' lang='grc'>005,</span> <span class='ocrx_word' id='word_1_186' title='bbox 245 1742 297 1770; x_wconf 91' lang='grc'>30</span> <span class='ocrx_word' id='word_1_187' title='bbox 330 1729 383 1770; x_wconf 88' lang='lat' dir='ltr'><strong>R.</strong></span> <span class='ocrx_word' id='word_1_188' title='bbox 417 1729 468 1769; x_wconf 92' lang='lat' dir='ltr'>P.</span> <span class='ocrx_word' id='word_1_189' title='bbox 504 1725 669 1777; x_wconf 90' lang='lat' dir='ltr'>Natali,</span> <span class='ocrx_word' id='word_1_190' title='bbox 701 1739 757 1767; x_wconf 92' lang='lat' dir='ltr'>ne</span> <span class='ocrx_word' id='word_1_191' title='bbox 794 1738 925 1766; x_wconf 88' lang='grc'>500115</span> <span class='ocrx_word' id='word_1_192' title='bbox 963 1723 1112 1773; x_wconf 86' lang='lat' dir='ltr'>faciat,</span> <span class='ocrx_word' id='word_1_193' title='bbox 1153 1721 1269 1764; x_wconf 91' lang='lat' dir='ltr'>serio</span> <span class='ocrx_word' id='word_1_194' title='bbox 1306 1722 1530 1764; x_wconf 90' lang='lat' dir='ltr'>mandate.</span> <span class='ocrx_word' id='word_1_195' title='bbox 1566 1722 1681 1763; x_wconf 90' lang='lat' dir='ltr'>Nam</span> <span class='ocrx_word' id='word_1_196' title='bbox 1705 1721 1742 1763; x_wconf 84' lang='lat' dir='ltr'>si</span> 
     </span>
     <span class='ocr_line' id='line_1_25' title="bbox 120 1779 1741 1849; baseline -0.004 -20"><span class='ocrx_word' id='word_1_197' title='bbox 120 1786 384 1842; x_wconf 82' lang='lat' dir='ltr'>scripseritis</span> <span class='ocrx_word' id='word_1_198' title='bbox 405 1793 453 1827; x_wconf 89' lang='lat' dir='ltr'>vt</span> <span class='ocrx_word' id='word_1_199' title='bbox 476 1785 626 1828; x_wconf 88' lang='lat' dir='ltr'>videat</span> <span class='ocrx_word' id='word_1_200' title='bbox 648 1799 755 1826; x_wconf 90' lang='lat' dir='ltr'>num</span> <span class='ocrx_word' id='word_1_201' title='bbox 779 1782 919 1849; x_wconf 80' lang='lat' dir='ltr'>possit</span> <span class='ocrx_word' id='word_1_202' title='bbox 942 1781 1179 1837; x_wconf 83' lang='lat' dir='ltr'>proficisci,</span> <span class='ocrx_word' id='word_1_203' title='bbox 1201 1780 1563 1836; x_wconf 88' lang='lat' dir='ltr'>quandoquidem</span> <span class='ocrx_word' id='word_1_204' title='bbox 1587 1779 1741 1824; x_wconf 90' lang='lat' dir='ltr'>nescio</span> 
     </span>
     <span class='ocr_line' id='line_1_26' title="bbox 120 1840 1739 1900; baseline -0.004 -12"><span class='ocrx_word' id='word_1_205' title='bbox 120 1860 210 1900; x_wconf 91' lang='lat' dir='ltr'>qua</span> <span class='ocrx_word' id='word_1_206' title='bbox 231 1846 287 1889; x_wconf 93' lang='lat' dir='ltr'>de</span> <span class='ocrx_word' id='word_1_207' title='bbox 309 1860 446 1888; x_wconf 88' lang='lat' dir='ltr'>causa</span> <span class='ocrx_word' id='word_1_208' title='bbox 467 1843 575 1885; x_wconf 88' lang='lat' dir='ltr'>mihi</span> <span class='ocrx_word' id='word_1_209' title='bbox 598 1850 665 1886; x_wconf 88' lang='lat' dir='ltr'>est</span> <span class='ocrx_word' id='word_1_210' title='bbox 682 1842 891 1897; x_wconf 84' lang='lat' dir='ltr'>iniquior,</span> <span class='ocrx_word' id='word_1_211' title='bbox 917 1848 961 1884; x_wconf 90' lang='lat' dir='ltr'>et</span> <span class='ocrx_word' id='word_1_212' title='bbox 984 1840 1174 1896; x_wconf 88' lang='lat' dir='ltr'>spoliare</span> <span class='ocrx_word' id='word_1_213' title='bbox 1196 1855 1266 1883; x_wconf 92' lang='lat' dir='ltr'>me</span> <span class='ocrx_word' id='word_1_214' title='bbox 1291 1854 1423 1894; x_wconf 91' lang='lat' dir='ltr'>quam</span> <span class='ocrx_word' id='word_1_215' title='bbox 1447 1853 1617 1895; x_wconf 87' lang='lat' dir='ltr'>augere</span> <span class='ocrx_word' id='word_1_216' title='bbox 1641 1854 1739 1882; x_wconf 91' lang='lat' dir='ltr'>ma-</span> 
     </span>
     <span class='ocr_line' id='line_1_27' title="bbox 120 1898 1739 1966; baseline -0.004 -19"><span class='ocrx_word' id='word_1_217' title='bbox 120 1906 234 1956; x_wconf 91' lang='lat' dir='ltr'>uult,</span> <span class='ocrx_word' id='word_1_218' title='bbox 261 1905 390 1948; x_wconf 82' lang='lat' dir='ltr'>facile</span> <span class='ocrx_word' id='word_1_219' title='bbox 412 1903 613 1959; x_wconf 82' lang='lat' dir='ltr'>negabit.</span> <span class='ocrx_word' id='word_1_220' title='bbox 641 1902 747 1953; x_wconf 85' lang='lat' dir='ltr'>Sed,</span> <span class='ocrx_word' id='word_1_221' title='bbox 774 1901 811 1943; x_wconf 90' lang='lat' dir='ltr'>si</span> <span class='ocrx_word' id='word_1_222' title='bbox 833 1900 941 1956; x_wconf 89' lang='lat' dir='ltr'>quid</span> <span class='ocrx_word' id='word_1_223' title='bbox 964 1914 1061 1942; x_wconf 77' lang='lat' dir='ltr'>esse</span> <span class='ocrx_word' id='word_1_224' title='bbox 1083 1906 1212 1966; x_wconf 87' lang='lat' dir='ltr'>putat</span> <span class='ocrx_word' id='word_1_225' title='bbox 1235 1900 1290 1941; x_wconf 92' lang='lat' dir='ltr'>ab</span> <span class='ocrx_word' id='word_1_226' title='bbox 1313 1901 1491 1954; x_wconf 87' lang='lat' dir='ltr'>hyeme,</span> <span class='ocrx_word' id='word_1_227' title='bbox 1519 1912 1633 1953; x_wconf 88' lang='lat' dir='ltr'>quae</span> <span class='ocrx_word' id='word_1_228' title='bbox 1652 1898 1739 1941; x_wconf 90' lang='lat' dir='ltr'>iam</span> 
     </span>
     <span class='ocr_line' id='line_1_28' title="bbox 119 1940 1734 2028; baseline -0.004 -22"><span class='ocrx_word' id='word_1_229' title='bbox 119 1964 270 2016; x_wconf 82' lang='lat' dir='ltr'>instat,</span> <span class='ocrx_word' id='word_1_230' title='bbox 297 1940 499 2019; x_wconf 87' lang='lat' dir='ltr'>periculi,</span> <span class='ocrx_word' id='word_1_231' title='bbox 525 1961 688 2028; x_wconf 84' lang='lat' dir='ltr'>poterit</span> <span class='ocrx_word' id='word_1_232' title='bbox 708 1961 805 2003; x_wconf 87' lang='lat' dir='ltr'>eius</span> <span class='ocrx_word' id='word_1_233' title='bbox 834 1959 1052 2015; x_wconf 86' lang='lat' dir='ltr'>profectio</span> <span class='ocrx_word' id='word_1_234' title='bbox 1081 1959 1126 2000; x_wconf 92' lang='lat' dir='ltr'>in</span> <span class='ocrx_word' id='word_1_235' title='bbox 1155 1958 1407 2014; x_wconf 82' lang='lat' dir='ltr'>proximum</span> <span class='ocrx_word' id='word_1_236' title='bbox 1436 1973 1515 2001; x_wconf 82' lang='lat' dir='ltr'>ver</span> <span class='ocrx_word' id='word_1_237' title='bbox 1541 1957 1734 2002; x_wconf 90' lang='lat' dir='ltr'>differri.</span> 
     </span>
     <span class='ocr_line' id='line_1_29' title="bbox 118 2017 1741 2072; baseline -0.005 -6"><span class='ocrx_word' id='word_1_238' title='bbox 118 2024 263 2068; x_wconf 87' lang='lat' dir='ltr'>Simul</span> <span class='ocrx_word' id='word_1_239' title='bbox 287 2030 439 2066; x_wconf 84' lang='lat' dir='ltr'>autem</span> <span class='ocrx_word' id='word_1_240' title='bbox 462 2029 510 2063; x_wconf 88' lang='lat' dir='ltr'>vt</span> <span class='ocrx_word' id='word_1_241' title='bbox 531 2021 569 2064; x_wconf 89' lang='lat' dir='ltr'>is</span> <span class='ocrx_word' id='word_1_242' title='bbox 593 2020 780 2072; x_wconf 89' lang='lat' dir='ltr'>venerit,</span> <span class='ocrx_word' id='word_1_243' title='bbox 806 2019 996 2062; x_wconf 83' lang='lat' dir='ltr'>libenter</span> <span class='ocrx_word' id='word_1_244' title='bbox 1018 2018 1191 2060; x_wconf 90' lang='lat' dir='ltr'>mittam</span> <span class='ocrx_word' id='word_1_245' title='bbox 1215 2019 1266 2060; x_wconf 89' lang='lat' dir='ltr'>P.</span> <span class='ocrx_word' id='word_1_246' title='bbox 1296 2017 1518 2060; x_wconf 77' lang='lat' dir='ltr'>Petrum3</span> <span class='ocrx_word' id='word_1_247' title='bbox 1528 2049 1537 2068; x_wconf 93' lang='lat'>,</span> <span class='ocrx_word' id='word_1_248' title='bbox 1563 2023 1741 2059; x_wconf 84' lang='lat' dir='ltr'>Vtcum-</span> 
     </span>
     <span class='ocr_line' id='line_1_30' title="bbox 118 2075 1742 2142; baseline -0.006 -16"><span class='ocrx_word' id='word_1_249' title='bbox 118 2097 206 2138; x_wconf 91' lang='lat' dir='ltr'>que</span> <span class='ocrx_word' id='word_1_250' title='bbox 228 2081 486 2124; x_wconf 87' lang='lat' dir='ltr'>mirabiliter</span> <span class='ocrx_word' id='word_1_251' title='bbox 503 2080 576 2123; x_wconf 88' lang='lat' dir='ltr'>hic</span> <span class='ocrx_word' id='word_1_252' title='bbox 599 2086 772 2122; x_wconf 88' lang='lat' dir='ltr'>ametur</span> <span class='ocrx_word' id='word_1_253' title='bbox 795 2080 849 2121; x_wconf 93' lang='lat' dir='ltr'>ab</span> <span class='ocrx_word' id='word_1_254' title='bbox 873 2078 1098 2131; x_wconf 88' lang='lat' dir='ltr'>omnibus,</span> <span class='ocrx_word' id='word_1_255' title='bbox 1124 2076 1258 2121; x_wconf 88' lang='lat' dir='ltr'>etiam</span> <span class='ocrx_word' id='word_1_256' title='bbox 1281 2091 1384 2118; x_wconf 90' lang='lat' dir='ltr'>cum</span> <span class='ocrx_word' id='word_1_257' title='bbox 1407 2075 1556 2142; x_wconf 89' lang='lat' dir='ltr'>aliquo</span> <span class='ocrx_word' id='word_1_258' title='bbox 1580 2091 1635 2119; x_wconf 87' lang='lat' dir='ltr'>ex</span> <span class='ocrx_word' id='word_1_259' title='bbox 1658 2076 1742 2117; x_wconf 90' lang='lat' dir='ltr'>mi-</span> 
     </span>
     <span class='ocr_line' id='line_1_31' title="bbox 117 2135 1743 2194; baseline -0.004 -10"><span class='ocrx_word' id='word_1_260' title='bbox 117 2142 319 2184; x_wconf 89' lang='lat' dir='ltr'>noribus.</span> <span class='ocrx_word' id='word_1_261' title='bbox 352 2142 467 2184; x_wconf 90' lang='lat' dir='ltr'>Nam</span> <span class='ocrx_word' id='word_1_262' title='bbox 496 2140 617 2194; x_wconf 90' lang='lat' dir='ltr'>quod</span> <span class='ocrx_word' id='word_1_263' title='bbox 645 2139 701 2181; x_wconf 91' lang='lat' dir='ltr'>ad</span> <span class='ocrx_word' id='word_1_264' title='bbox 730 2140 783 2181; x_wconf 90' lang='grc' dir='ltr'>Ρ.</span> <span class='ocrx_word' id='word_1_265' title='bbox 816 2137 1127 2180; x_wconf 67' lang='lat' dir='ltr'>Baltasarem⁴</span> <span class='ocrx_word' id='word_1_266' title='bbox 1151 2137 1325 2187; x_wconf 91' lang='lat' dir='ltr'>attinet,</span> <span class='ocrx_word' id='word_1_267' title='bbox 1351 2142 1458 2178; x_wconf 88' lang='lat' dir='ltr'>sunt</span> <span class='ocrx_word' id='word_1_268' title='bbox 1480 2135 1526 2177; x_wconf 92' lang='lat' dir='ltr'>in</span> <span class='ocrx_word' id='word_1_269' title='bbox 1549 2148 1604 2177; x_wconf 93' lang='lat' dir='ltr'>eo</span> <span class='ocrx_word' id='word_1_270' title='bbox 1628 2149 1743 2189; x_wconf 85' lang='lat' dir='ltr'>quo-</span> 
     </span>
     <span class='ocr_line' id='line_1_32' title="bbox 119 2196 1742 2256; baseline -0.004 -12"><span class='ocrx_word' id='word_1_271' title='bbox 119 2215 207 2256; x_wconf 92' lang='lat' dir='ltr'>que</span> <span class='ocrx_word' id='word_1_272' title='bbox 228 2200 313 2244; x_wconf 91' lang='lat' dir='ltr'>Dei</span> <span class='ocrx_word' id='word_1_273' title='bbox 334 2201 452 2243; x_wconf 91' lang='lat' dir='ltr'>dona</span> <span class='ocrx_word' id='word_1_274' title='bbox 480 2214 571 2242; x_wconf 90' lang='lat' dir='ltr'>non</span> <span class='ocrx_word' id='word_1_275' title='bbox 599 2213 758 2254; x_wconf 87' lang='lat' dir='ltr'>pauca,</span> <span class='ocrx_word' id='word_1_276' title='bbox 784 2203 966 2252; x_wconf 85' lang='lat' dir='ltr'>propter</span> <span class='ocrx_word' id='word_1_277' title='bbox 994 2210 1110 2250; x_wconf 88' lang='lat' dir='ltr'>quae</span> <span class='ocrx_word' id='word_1_278' title='bbox 1138 2196 1303 2238; x_wconf 91' lang='lat' dir='ltr'>nollem</span> <span class='ocrx_word' id='word_1_279' title='bbox 1333 2209 1387 2237; x_wconf 93' lang='lat' dir='ltr'>eo</span> <span class='ocrx_word' id='word_1_280' title='bbox 1414 2209 1582 2246; x_wconf 91' lang='lat' dir='ltr'>carere,</span> <span class='ocrx_word' id='word_1_281' title='bbox 1608 2208 1742 2250; x_wconf 91' lang='lat' dir='ltr'>prae-</span> 
     </span>
     <span class='ocr_line' id='line_1_33' title="bbox 118 2254 1737 2316; baseline -0.005 -13"><span class='ocrx_word' id='word_1_282' title='bbox 118 2260 250 2316; x_wconf 87' lang='lat' dir='ltr'>cipue</span> <span class='ocrx_word' id='word_1_283' title='bbox 286 2274 410 2310; x_wconf 91' lang='lat' dir='ltr'>cum,</span> <span class='ocrx_word' id='word_1_284' title='bbox 451 2258 527 2314; x_wconf 93' lang='lat' dir='ltr'>qui</span> <span class='ocrx_word' id='word_1_285' title='bbox 565 2272 728 2314; x_wconf 89' lang='lat' dir='ltr'>graeca</span> <span class='ocrx_word' id='word_1_286' title='bbox 765 2257 1048 2312; x_wconf 84' lang='lat' dir='ltr'>profiteatur,</span> <span class='ocrx_word' id='word_1_287' title='bbox 1090 2255 1264 2297; x_wconf 91' lang='lat' dir='ltr'>nullum</span> <span class='ocrx_word' id='word_1_288' title='bbox 1301 2254 1437 2297; x_wconf 90' lang='lat' dir='ltr'>alium</span> <span class='ocrx_word' id='word_1_289' title='bbox 1475 2254 1737 2296; x_wconf 89' lang='lat' dir='ltr'>habeamus.</span> 
     </span>
     <span class='ocr_line' id='line_1_34' title="bbox 119 2313 1743 2371; baseline -0.004 -9"><span class='ocrx_word' id='word_1_290' title='bbox 119 2320 313 2362; x_wconf 88' lang='lat' dir='ltr'>Amatur</span> <span class='ocrx_word' id='word_1_291' title='bbox 334 2326 378 2361; x_wconf 86' lang='lat' dir='ltr'>et</span> <span class='ocrx_word' id='word_1_292' title='bbox 400 2318 438 2361; x_wconf 88' lang='lat' dir='ltr'>is</span> <span class='ocrx_word' id='word_1_293' title='bbox 460 2334 485 2361; x_wconf 91' lang='lat' dir='ltr'>a</span> <span class='ocrx_word' id='word_1_294' title='bbox 507 2331 577 2359; x_wconf 92' lang='lat' dir='ltr'>me</span> <span class='ocrx_word' id='word_1_295' title='bbox 600 2332 690 2359; x_wconf 92' lang='lat' dir='ltr'>non</span> <span class='ocrx_word' id='word_1_296' title='bbox 712 2315 975 2371; x_wconf 88' lang='lat' dir='ltr'>uulgariter.</span> <span class='ocrx_word' id='word_1_297' title='bbox 1003 2316 1132 2369; x_wconf 91' lang='lat' dir='ltr'>Quae</span> <span class='ocrx_word' id='word_1_298' title='bbox 1155 2329 1233 2369; x_wconf 85' lang='lat' dir='ltr'>per</span> <span class='ocrx_word' id='word_1_299' title='bbox 1256 2313 1494 2358; x_wconf 84' lang='lat' dir='ltr'>Societatis</span> <span class='ocrx_word' id='word_1_300' title='bbox 1521 2319 1743 2356; x_wconf 88' lang='lat' dir='ltr'>rectorem</span> 
     </span>
     <span class='ocr_line' id='line_1_35' title="bbox 121 2372 1743 2433; baseline -0.004 -12"><span class='ocrx_word' id='word_1_301' title='bbox 121 2385 220 2422; x_wconf 88' lang='lat' dir='ltr'>acta</span> <span class='ocrx_word' id='word_1_302' title='bbox 241 2378 330 2421; x_wconf 89' lang='lat' dir='ltr'>sint</span> <span class='ocrx_word' id='word_1_303' title='bbox 347 2377 583 2433; x_wconf 89' lang='lat' dir='ltr'>Elbingae,</span> <span class='ocrx_word' id='word_1_304' title='bbox 610 2382 854 2432; x_wconf 82' lang='lat' dir='ltr'>cognoscet</span> <span class='ocrx_word' id='word_1_305' title='bbox 877 2389 932 2418; x_wconf 77' lang='lat' dir='ltr'>ex</span> <span class='ocrx_word' id='word_1_306' title='bbox 954 2374 1094 2416; x_wconf 90' lang='lat' dir='ltr'>literis</span> <span class='ocrx_word' id='word_1_307' title='bbox 1125 2376 1175 2416; x_wconf 94' lang='grc' dir='ltr'>Ρ.</span> <span class='ocrx_word' id='word_1_308' title='bbox 1210 2372 1452 2416; x_wconf 90' lang='lat' dir='ltr'>Francisci.</span> <span class='ocrx_word' id='word_1_309' title='bbox 1481 2373 1612 2427; x_wconf 91' lang='lat' dir='ltr'>Quae</span> <span class='ocrx_word' id='word_1_310' title='bbox 1635 2386 1743 2414; x_wconf 90' lang='lat' dir='ltr'>vero</span> 
     </span>
     <span class='ocr_line' id='line_1_36' title="bbox 120 2411 1742 2490; baseline -0.005 -9"><span class='ocrx_word' id='word_1_311' title='bbox 120 2452 298 2481; x_wconf 89' lang='lat' dir='ltr'>mecum</span> <span class='ocrx_word' id='word_1_312' title='bbox 315 2435 665 2480; x_wconf 90' lang='lat' dir='ltr'>communicauit</span> <span class='ocrx_word' id='word_1_313' title='bbox 665 2411 738 2477; x_wconf 58' lang='lat' dir='ltr'>ode</span> <span class='ocrx_word' id='word_1_314' title='bbox 754 2433 982 2490; x_wconf 87' lang='lat' dir='ltr'>pontifice,</span> <span class='ocrx_word' id='word_1_315' title='bbox 1005 2449 1029 2475; x_wconf 80' lang='lat' dir='ltr'><strong>v</strong></span> <span class='ocrx_word' id='word_1_316' title='bbox 1035 2433 1134 2476; x_wconf 87' lang='lat' dir='ltr'>alde</span> <span class='ocrx_word' id='word_1_317' title='bbox 1151 2432 1262 2474; x_wconf 89' lang='lat' dir='ltr'>mihi</span> <span class='ocrx_word' id='word_1_318' title='bbox 1280 2439 1408 2488; x_wconf 88' lang='lat' dir='ltr'>grata</span> <span class='ocrx_word' id='word_1_319' title='bbox 1428 2432 1624 2475; x_wconf 91' lang='lat' dir='ltr'>suerunt.</span> <span class='ocrx_word' id='word_1_320' title='bbox 1646 2433 1742 2474; x_wconf 84' lang='lat' dir='ltr'>Do-</span> 
     </span>
     <span class='ocr_line' id='line_1_37' title="bbox 120 2492 1743 2547; baseline -0.006 -7"><span class='ocrx_word' id='word_1_321' title='bbox 120 2497 270 2540; x_wconf 89' lang='lat' dir='ltr'>minus</span> <span class='ocrx_word' id='word_1_322' title='bbox 307 2503 548 2539; x_wconf 88' lang='lat' dir='ltr'>conseruet</span> <span class='ocrx_word' id='word_1_323' title='bbox 585 2510 705 2547; x_wconf 91' lang='lat' dir='ltr'>eum,</span> <span class='ocrx_word' id='word_1_324' title='bbox 731 2501 775 2538; x_wconf 92' lang='lat' dir='ltr'>et</span> <span class='ocrx_word' id='word_1_325' title='bbox 809 2492 1010 2535; x_wconf 89' lang='lat' dir='ltr'>viuificet</span> <span class='ocrx_word' id='word_1_326' title='bbox 1047 2507 1167 2536; x_wconf 91' lang='lat' dir='ltr'>eum.</span> <span class='ocrx_word' id='word_1_327' title='bbox 1208 2492 1345 2547; x_wconf 89' lang='lat' dir='ltr'>Quod</span> <span class='ocrx_word' id='word_1_328' title='bbox 1382 2496 1604 2545; x_wconf 90' lang='lat' dir='ltr'>superest,</span> <span class='ocrx_word' id='word_1_329' title='bbox 1635 2497 1743 2545; x_wconf 93' lang='lat' dir='ltr'>opto</span> 
     </span>
     <span class='ocr_line' id='line_1_38' title="bbox 120 2550 1741 2608; baseline -0.004 -9"><span class='ocrx_word' id='word_1_330' title='bbox 120 2558 173 2601; x_wconf 90' lang='lat' dir='ltr'>P.</span> <span class='ocrx_word' id='word_1_331' title='bbox 199 2558 317 2600; x_wconf 80' lang='lat' dir='ltr'>V.am</span> <span class='ocrx_word' id='word_1_332' title='bbox 336 2557 453 2599; x_wconf 91' lang='lat' dir='ltr'>bene</span> <span class='ocrx_word' id='word_1_333' title='bbox 476 2555 642 2608; x_wconf 81' lang='lat' dir='ltr'>valere,</span> <span class='ocrx_word' id='word_1_334' title='bbox 660 2553 789 2597; x_wconf 87' lang='lat' dir='ltr'>cuius</span> <span class='ocrx_word' id='word_1_335' title='bbox 811 2567 882 2595; x_wconf 92' lang='lat' dir='ltr'>me</span> <span class='ocrx_word' id='word_1_336' title='bbox 905 2551 1183 2594; x_wconf 90' lang='lat' dir='ltr'>orationibus</span> <span class='ocrx_word' id='word_1_337' title='bbox 1199 2558 1244 2594; x_wconf 91' lang='lat' dir='ltr'>et</span> <span class='ocrx_word' id='word_1_338' title='bbox 1261 2550 1490 2594; x_wconf 89' lang='lat' dir='ltr'>sacrificiis</span> <span class='ocrx_word' id='word_1_339' title='bbox 1509 2563 1741 2593; x_wconf 88' lang='lat' dir='ltr'>commen—</span> 
     </span>
     <span class='ocr_line' id='line_1_39' title="bbox 120 2608 1738 2667; baseline -0.004 -9"><span class='ocrx_word' id='word_1_340' title='bbox 120 2616 192 2658; x_wconf 93' lang='lat' dir='ltr'>do.</span> <span class='ocrx_word' id='word_1_341' title='bbox 222 2617 392 2659; x_wconf 89' lang='lat' dir='ltr'>Datum</span> <span class='ocrx_word' id='word_1_342' title='bbox 418 2629 474 2657; x_wconf 85' lang='lat' dir='ltr'>ex</span> <span class='ocrx_word' id='word_1_343' title='bbox 503 2620 650 2656; x_wconf 89' lang='lat' dir='ltr'>castro</span> <span class='ocrx_word' id='word_1_344' title='bbox 678 2619 833 2656; x_wconf 90' lang='lat' dir='ltr'>nostro</span> <span class='ocrx_word' id='word_1_345' title='bbox 862 2611 1152 2667; x_wconf 89' lang='lat' dir='ltr'>Heilspergk,</span> <span class='ocrx_word' id='word_1_346' title='bbox 1200 2623 1249 2665; x_wconf 83' lang='lat'>13</span> <span class='ocrx_word' id='word_1_347' title='bbox 1288 2608 1567 2666; x_wconf 87' lang='lat' dir='ltr'>Septembris</span> <span class='ocrx_word' id='word_1_348' title='bbox 1612 2610 1738 2663; x_wconf 84' lang='lat'><strong>1567.</strong></span> 
     </span>
     <span class='ocr_line' id='line_1_40' title="bbox 119 2673 568 2725; baseline -0.007 -7"><span class='ocrx_word' id='word_1_349' title='bbox 119 2675 274 2718; x_wconf 89' lang='lat' dir='ltr'>Frater</span> <span class='ocrx_word' id='word_1_350' title='bbox 296 2674 342 2717; x_wconf 92' lang='lat' dir='ltr'>in</span> <span class='ocrx_word' id='word_1_351' title='bbox 371 2673 568 2725; x_wconf 92' lang='lat' dir='ltr'>Christo,</span> 
     </span>
    </p>

    <p class='ocr_par' dir='ltr' id='par_1_6' title="bbox 536 2733 1512 2782">
     <span class='ocr_line' id='line_1_41' title="bbox 536 2733 1512 2782; baseline -0.005 -7"><span class='ocrx_word' id='word_1_352' title='bbox 536 2733 854 2782; x_wconf 84' lang='lat' dir='ltr'>STANISLAUS,</span> <span class='ocrx_word' id='word_1_353' title='bbox 888 2742 1175 2774; x_wconf 86' lang='lat' dir='ltr'><strong>CARDINALIS</strong></span> <span class='ocrx_word' id='word_1_354' title='bbox 1209 2741 1512 2772; x_wconf 84' lang='lat' dir='ltr'><strong>VARMIENSIS.</strong></span> 
     </span>
    </p>
   </div>
   <div class='ocr_carea' id='block_1_6' title="bbox 123 2827 402 2833">
    <p class='ocr_par' dir='ltr' id='par_1_7' title="bbox 123 2827 402 2833">
     <span class='ocr_line' id='line_1_42' title="bbox 123 2827 402 2833; baseline 0 0"><span class='ocrx_word' id='word_1_355' title='bbox 123 2827 402 2833; x_wconf 95' lang='lat' dir='ltr'> </span> 
     </span>
    </p>
   </div>
   <div class='ocr_carea' id='block_1_7' title="bbox 117 2863 1742 3032">
    <p class='ocr_par' dir='ltr' id='par_1_8' title="bbox 117 2863 1742 3032">
     <span class='ocr_line' id='line_1_43' title="bbox 192 2863 1742 2916; baseline -0.005 -11"><span class='ocrx_word' id='word_1_356' title='bbox 192 2873 202 2892; x_wconf 81' lang='lat'>¹</span> <span class='ocrx_word' id='word_1_357' title='bbox 254 2871 311 2905; x_wconf 84' lang='lat' dir='ltr'>Ex</span> <span class='ocrx_word' id='word_1_358' title='bbox 326 2870 551 2916; x_wconf 87' lang='lat' dir='ltr'>archetypo,</span> <span class='ocrx_word' id='word_1_359' title='bbox 569 2869 609 2904; x_wconf 91' lang='lat' dir='ltr'>in</span> <span class='ocrx_word' id='word_1_360' title='bbox 630 2868 724 2904; x_wconf 84' lang='lat' dir='ltr'>Cod.</span> <span class='ocrx_word' id='word_1_361' title='bbox 747 2868 807 2914; x_wconf 80' lang='lat'>38,</span> <span class='ocrx_word' id='word_1_362' title='bbox 826 2866 971 2914; x_wconf 87' lang='lat' dir='ltr'>duplici</span> <span class='ocrx_word' id='word_1_363' title='bbox 990 2865 1072 2912; x_wconf 56' lang='lat' dir='ltr'>fol„</span> <span class='ocrx_word' id='word_1_364' title='bbox 1091 2865 1153 2901; x_wconf 88' lang='lat'>181</span> <span class='ocrx_word' id='word_1_365' title='bbox 1176 2866 1289 2911; x_wconf 80' lang='lat'><strong>(476).</strong></span> <span class='ocrx_word' id='word_1_366' title='bbox 1307 2864 1407 2900; x_wconf 86' lang='lat' dir='ltr'>Vide</span> <span class='ocrx_word' id='word_1_367' title='bbox 1425 2864 1589 2910; x_wconf 86' lang='lat' dir='ltr'>append.</span> <span class='ocrx_word' id='word_1_368' title='bbox 1607 2863 1742 2906; x_wconf 86' lang='lat' dir='ltr'><strong>XLVI;</strong></span> 
     </span>
     <span class='ocr_line' id='line_1_44' title="bbox 117 2928 602 2976; baseline -0.004 -11"><span class='ocrx_word' id='word_1_369' title='bbox 117 2934 160 2965; x_wconf 85' lang='lat' dir='ltr'>et</span> <span class='ocrx_word' id='word_1_370' title='bbox 177 2929 361 2976; x_wconf 87' lang='lat' dir='ltr'>epistolas</span> <span class='ocrx_word' id='word_1_371' title='bbox 378 2928 434 2964; x_wconf 92' lang='lat' dir='ltr'>ibi</span> <span class='ocrx_word' id='word_1_372' title='bbox 450 2929 602 2963; x_wconf 86' lang='lat' dir='ltr'>citatas.</span> 
     </span>
     <span class='ocr_line' id='line_1_45' title="bbox 192 2981 1623 3032; baseline -0.006 -8"><span class='ocrx_word' id='word_1_373' title='bbox 192 2992 206 3011; x_wconf 69' lang='lat'>“2</span> <span class='ocrx_word' id='word_1_374' title='bbox 256 2989 440 3032; x_wconf 83' lang='lat' dir='ltr'>MATTH.,</span> <span class='ocrx_word' id='word_1_375' title='bbox 462 2988 565 3032; x_wconf 94' lang='lat' dir='ltr'>XIV,</span> <span class='ocrx_word' id='word_1_376' title='bbox 584 2986 642 3024; x_wconf 87' lang='lat'>31.</span> <span class='ocrx_word' id='word_1_377' title='bbox 882 2987 896 3007; x_wconf 70' lang='lat'><strong>³</strong></span> <span class='ocrx_word' id='word_1_378' title='bbox 947 2985 1064 3021; x_wconf 71' lang='lat' dir='ltr'>Phae.</span> <span class='ocrx_word' id='word_1_379' title='bbox 1303 2985 1319 3005; x_wconf 62' lang='lat'>4</span> <span class='ocrx_word' id='word_1_380' title='bbox 1368 2981 1623 3018; x_wconf 87' lang='lat' dir='ltr'>Hostovinus.</span> 
     </span>
    </p>
   </div>
  </div>
 </body>
</html>
