2101 3348
827 190 1048 227 APPENnn(
1639 189 1710 226 823

824 382 1061 425 LXXXVI

541 476 584 511 P.
613 476 930 512 EVERARDUS
957 476 1338 514 MERCURIANUS

649 573 788 602 PATRI
824 573 980 603 PAULO
1011 574 1233 604 HOFFAEO

587 655 778 707 Romae,
810 655 858 697 18
883 654 1097 697 Octobris
1126 665 1236 709 1574
1259 657 1287 698 ¹.

204 741 265 776 De
279 741 415 788 glossa
435 740 574 775 Patris
593 741 648 776 Sa
666 741 709 777 in
727 742 958 788 evangelia:
975 743 1173 788 quaedam
1192 743 1324 790 officia
1339 745 1551 780 charitatis
1569 757 1668 793 erga

570 801 620 835 P.
641 800 828 836 Natalem
844 800 1023 848 Hoffaeo
1037 804 1300 839 commendat.

289 886 424 941 Quod
448 886 505 928 ad
529 884 742 927 uiaticum
766 886 817 928 P.
838 885 1011 929 Natalis
1032 886 1209 939 attinet,
1230 886 1315 931 erit
1333 887 1440 930 mihi
1463 896 1743 946 pergratum,

120 951 170 986 ut
193 944 289 1000 ipse
309 944 533 998 intelligat
556 946 682 988 Tuae
706 946 808 987 Rae
834 944 941 987 hinc
969 959 1067 988 esse
1097 946 1395 989 satisfactum.
1423 948 1559 1002 Quod
1592 955 1639 990 ut
1670 949 1748 991 fiat

123 1003 370 1056 curabitur,
404 1003 665 1059 praesertim
698 1018 787 1058 qua
818 1019 875 1047 ex
907 1012 1033 1060 parte
1062 1004 1323 1060 poterimus.
1358 1007 1450 1050 Sed
1482 1007 1663 1062 expedit
1697 1014 1747 1051 ut

123 1062 306 1105 omnino
328 1063 548 1119 intelligat
571 1064 718 1105 bonus
739 1077 877 1106 senex
899 1063 1009 1105 nihil
1027 1078 1105 1118 per
1126 1064 1249 1106 illum
1273 1066 1329 1107 ad
1347 1072 1543 1108 uestram
1561 1066 1748 1121 prouin—

121 1122 235 1164 ciam
258 1122 500 1166 accessisse
522 1121 810 1174 incommodi,
837 1136 939 1165 cum
967 1122 1163 1178 alioquin
1186 1123 1263 1178 qui
1293 1125 1461 1167 tamdiu
1485 1140 1612 1168 suam
1636 1140 1747 1181 ope—

122 1196 214 1224 ram
231 1181 445 1226 Societati
463 1181 655 1225 fideliter
668 1181 890 1237 praestitit
907 1189 952 1224 et
970 1181 1227 1238 diligenter,
1243 1184 1299 1227 de
1316 1184 1525 1227 omnibus
1544 1199 1597 1227 ac
1614 1199 1745 1240 prae-

120 1240 275 1284 sertim
298 1241 354 1284 de
376 1247 528 1283 uestra
550 1241 796 1284 Germania
818 1240 876 1283 sit
899 1240 1069 1296 optime
1097 1242 1301 1284 meritus.

209 1302 260 1342 P.
288 1301 554 1342 Emmanuel
576 1301 664 1344 Saa
686 1300 865 1355 scripsit
887 1301 1084 1355 glossam
1114 1302 1356 1355 quamdam
1379 1301 1425 1343 in
1454 1303 1745 1358 euangelium

117 1357 226 1401 satis
248 1359 440 1411 erudite,
467 1373 582 1413 quae
604 1359 710 1401 item
735 1359 806 1401 his
830 1359 1056 1415 theologis
1078 1361 1373 1415 probabatur.
1396 1362 1564 1404 Deerat
1582 1376 1745 1415 unum,

117 1419 236 1472 quod
254 1432 342 1474 ego
360 1418 551 1473 amplius
568 1419 624 1460 ad
641 1417 761 1460 illam
780 1418 1081 1462 adiiciendum
1097 1426 1116 1446 ³
1133 1419 1367 1474 cupiebam
1386 1420 1532 1475 plane,
1555 1427 1604 1463 ut
1620 1422 1743 1465 loco—

116 1491 215 1519 rum
238 1476 647 1533 interpretationes,
673 1491 785 1532 quas
807 1478 902 1533 ipse
924 1492 979 1520 ex
1010 1477 1221 1521 Patribus
1253 1478 1449 1533 antiquis
1479 1479 1661 1536 selegit,
1687 1482 1746 1524 ad

116 1536 331 1592 origines,
358 1537 454 1580 siue
477 1538 533 1579 ad
556 1536 754 1592 ipsorum
786 1539 971 1579 Patrum
1004 1537 1103 1580 loca
1135 1545 1477 1591 reuocarentur,
1502 1541 1622 1593 quod
1651 1541 1744 1582 for-

118 1602 237 1639 tasse
259 1603 415 1651 postea
437 1596 558 1638 fecit.
580 1595 740 1640 Scribo
765 1597 817 1640 P.
841 1596 1008 1648 Natali,
1031 1604 1078 1638 ut
1101 1596 1263 1638 librum
1287 1605 1414 1640 curet
1436 1597 1584 1640 isthuc
1607 1598 1739 1653 mitti,

118 1654 194 1709 qui
216 1669 319 1697 cum
343 1656 504 1698 allatus
528 1655 679 1706 fuerit,
704 1670 883 1710 operam
908 1657 1005 1698 Tua
1028 1657 1108 1698 Ra
1135 1656 1257 1699 dabit
1284 1662 1333 1698 ut
1355 1655 1426 1698 isti
1451 1657 1648 1713 theologi
1672 1657 1742 1701 iu-

117 1713 268 1756 dicent
290 1729 346 1757 an
367 1714 519 1770 praelo
541 1715 786 1757 tradendus
808 1715 880 1757 sit.

205 1773 364 1818 Scribo
391 1773 498 1816 item
528 1773 689 1816 rectori
718 1773 891 1816 halensi
923 1780 1185 1817 contentum
1218 1787 1317 1816 esse
1349 1788 1421 1818 me
1452 1781 1502 1816 ut
1534 1774 1629 1830 ipse
1661 1791 1741 1831 pro

116 1833 252 1876 Patre
275 1833 424 1876 Natali
448 1833 663 1888 spondeat
686 1833 819 1875 alicui
844 1832 1130 1888 bibliopolae,
1151 1849 1176 1876 a
1194 1847 1283 1888 quo
1301 1840 1481 1875 centum
1500 1848 1739 1878 aureorum

113 1905 290 1934 summa
312 1892 453 1947 possit
474 1892 590 1934 idern
615 1893 666 1934 P.
693 1891 865 1935 Natalis
887 1892 1024 1934 libros
1052 1893 1108 1934 ad
1135 1905 1218 1935 sua
1245 1892 1396 1934 studia
1418 1896 1638 1937 coemere.
1663 1895 1740 1937 In-

112 1951 242 1993 terim
266 1951 340 1994 ille
361 1953 509 1994 bonus
532 1952 666 1995 Pater
689 1951 879 2004 curabit,
906 1951 1284 2006 quemadmodum
1308 1952 1365 1993 ad
1385 1966 1457 1994 me
1479 1952 1661 2005 scribit,
1688 1961 1738 1996 ut

109 2010 302 2065 pecunia
323 2011 395 2052 illa
421 2011 623 2053 soluatur
645 2010 749 2052 anni
771 2010 985 2054 bienniue
1006 2009 1166 2065 spatio.
1193 2011 1242 2052 In
1265 2011 1352 2052 hac
1375 2025 1422 2054 re
1445 2012 1500 2055 T.
1525 2013 1578 2054 R.
1605 2012 1739 2056 solita

109 2069 340 2112 charitatis
356 2070 505 2112 officia
523 2069 780 2125 praestabit,
802 2071 1064 2113 recordatus
1081 2069 1126 2111 id
1143 2069 1305 2125 ipsum,
1328 2071 1448 2124 quod
1466 2069 1557 2112 dixi
1576 2072 1735 2125 (quod-

108 2142 196 2183 que
219 2129 354 2172 credo
375 2143 484 2171 sane
507 2137 550 2172 te
573 2128 813 2183 recordari)
838 2135 927 2171 tam
951 2128 1175 2184 insignem
1206 2136 1250 2172 et
1278 2136 1545 2184 prouectum
1576 2130 1735 2174 Socie—

109 2187 213 2231 tatis
231 2189 410 2231 Patrem
429 2187 550 2230 omni
568 2202 704 2243 opera
720 2202 820 2231 esse
837 2187 1102 2239 iuuandum,
1123 2195 1189 2239 ut,
1210 2202 1313 2230 cum
1332 2188 1406 2230 alii
1424 2189 1510 2230 hoc
1528 2191 1734 2245 exemplo

109 2247 165 2288 ad
197 2248 460 2301 exequenda
491 2254 645 2290 nostra
677 2247 924 2290 ministeria
960 2247 1118 2290 sedulo
1157 2246 1426 2299 excitentur,
1467 2248 1732 2304 gratitudini

109 2305 241 2348 simul
264 2320 374 2349 suus
395 2306 453 2348 sit
475 2307 616 2348 locus.
643 2307 743 2362 Ego
766 2320 870 2349 cum
898 2305 968 2349 his
996 2305 1207 2349 Patribus
1229 2307 1282 2349 R.
1310 2307 1363 2349 T.
1389 2307 1666 2350 orationibus
1688 2315 1732 2350 et

108 2365 402 2408 sanctissimis
423 2365 655 2408 sacrificiis
677 2365 810 2409 etiam
833 2372 967 2421 atque
990 2366 1123 2409 etiam
1146 2380 1218 2409 me
1235 2367 1519 2411 commendo.
1541 2368 1729 2419 Romae,

107 2424 212 2479 xviij
238 2424 452 2468 Octobris
480 2434 607 2478 1574.

174 2544 195 2564 a
233 2537 410 2583 Regest.,
429 2536 714 2572 adiiciendum.

173 2638 183 2657 ¹
235 2638 292 2672 Ex
311 2638 496 2684 Regesto,
518 2637 612 2673 Cod.
636 2637 745 2683 33j),
768 2637 806 2672 ff.
831 2637 886 2678 16,
910 2645 965 2682 17.
986 2637 1086 2673 Vide
1111 2637 1225 2684 epist.
1247 2637 1329 2682 562,
1350 2636 1430 2684 563,
1452 2643 1491 2672 et
1510 2637 1591 2682 564.
