2101 3348
867 221 881 248 1
911 214 1026 260 JUNH
1055 213 1145 258 1568
1710 211 1781 248 603

181 317 357 361 altroue
377 315 555 361 sarebb'
578 322 835 372 opportuna
856 317 900 358 la
929 315 1080 368 uisita,
1111 329 1193 372 per
1214 316 1366 372 quello
1388 314 1461 359 ch’
1484 315 1516 358 il
1537 321 1707 360 rettore
1729 321 1775 358 et
1797 314 1828 356 li

183 393 419 450 principali
441 392 610 436 dottori
631 393 677 435 di
701 392 901 449 teologia
923 392 965 435 ci
987 393 1143 436 hanno
1165 393 1390 436 auuisato.

276 483 316 525 3.
383 470 550 525 Quello
572 471 659 512 che
682 470 730 512 fu
758 469 916 523 scritto
948 485 974 513 a
996 471 1054 513 V.
1080 471 1135 513 R.
1168 471 1241 513 del
1271 469 1464 513 trouarsi
1493 469 1540 511 in
1571 471 1715 512 Roma
1748 482 1826 525 per

183 555 302 589 tutto
326 548 599 598 Settembre,
624 546 807 601 quando
825 545 901 588 chi
923 546 961 588 si
984 560 1361 602 congregaranno
1378 546 1392 588 i
1408 544 1693 603 procuratori
1710 545 1830 589 delle

182 624 426 680 prouintie,
451 626 486 666 s'
508 623 709 677 intende,
734 637 783 666 se
800 625 1106 668 buonamente
1129 623 1167 666 si
1184 631 1365 679 potesse
1382 624 1493 677 fare,
1515 623 1731 666 hauendo
1756 621 1827 665 ui-

181 701 315 744 sitato
337 701 379 745 le
401 700 628 756 prouintie
650 701 692 742 d'
712 700 962 755 Aquitania
982 707 1028 743 et
1050 700 1095 743 di
1118 700 1325 743 Francia,
1352 703 1428 744 Ma
1451 699 1488 743 si
1513 706 1676 755 questa
1700 713 1826 742 com-

179 777 350 821 modita
372 792 466 820 non
489 778 606 829 sara,
633 791 723 819 non
747 778 963 820 accadera
983 778 1071 819 che
1094 778 1149 820 V.
1174 778 1228 820 R.
1255 791 1347 819 non
1369 777 1406 819 si
1430 776 1539 832 pigli
1563 775 1641 832 piu
1664 782 1827 832 questa

182 854 485 898 solicitudine.
517 855 551 897 11
585 862 850 910 procurator
883 855 969 897 che
997 853 1036 896 si
1064 854 1087 897 ὲ
1116 854 1255 898 616110
1284 853 1385 909 qui,
1418 854 1441 897 ὲ
1471 853 1501 896 11
1533 856 1586 897 P.
1624 852 1826 896 Ribade-

177 945 319 986 neyra
346 932 378 973 ¹.

224 1009 225 1012 ’
268 1021 311 1061 4.
377 1007 511 1050 Circa
534 1007 575 1050 16
592 1021 722 1063 spese
740 1007 785 1049 di
803 1009 860 1051 V.
881 1009 955 1059 R.,
982 1022 1074 1049 non
1097 1008 1345 1050 solamente
1369 1007 1550 1062 quando
1576 1006 1725 1058 uisita‚
1752 1020 1826 1048 ma

180 1085 315 1128 etiam
333 1084 518 1140 quando
534 1083 572 1126 si
591 1084 746 1137 ferma,
768 1099 840 1126 ma
857 1084 993 1127 etiam
1011 1098 1091 1139 per
1108 1098 1201 1126 non
1222 1091 1352 1139 poter
1374 1098 1531 1138 passar
1554 1084 1685 1135 oltre,
1707 1082 1825 1126 com'

179 1164 204 1205 e
233 1163 454 1206 accaduto
482 1161 589 1203 nell'
628 1160 814 1203 inferior
842 1160 1111 1213 Germania,
1138 1161 1255 1205 deue
1284 1160 1327 1203 la
1347 1159 1607 1216 >prouintia,
1634 1161 1753 1204 doue
1787 1160 1825 1202 si

180 1246 358 1290 truoua,
386 1239 512 1290 farla,
539 1252 587 1281 se
609 1251 702 1280 non
724 1238 965 1282 accadesse
988 1239 1075 1281 che
1098 1238 1294 1293 qualche
1315 1238 1506 1293 prelato,
1532 1252 1559 1279 o
1582 1238 1696 1280 altra
1719 1252 1825 1293 per-

177 1330 305 1368 sona,
330 1315 569 1367 ricercata,
595 1330 622 1357 o
646 1329 756 1359 uero
783 1315 841 1358 da
873 1330 923 1359 se
951 1315 1100 1368 stessi,
1133 1314 1382 1358 aiutassino
1410 1329 1490 1370 per
1520 1315 1645 1358 dette
1674 1328 1823 1370 spese,

175 1400 221 1435 et
243 1393 316 1435 all’
344 1393 456 1435 hora
478 1399 605 1434 tanto
627 1405 789 1434 manco
810 1391 848 1434 si
872 1392 1160 1448 grauarebbe
1183 1393 1225 1435 la
1243 1391 1487 1448 prouintia.

266 1480 307 1523 5.
373 1468 534 1513 Scriue
557 1470 614 1513 V.
641 1470 694 1512 R.
721 1469 810 1513 che
832 1468 868 1511 si
893 1469 1064 1512 lascino
1088 1469 1238 1512 insino
1261 1484 1287 1512 a
1310 1476 1516 1513 trecento
1534 1468 1682 1511 fiorini
1705 1469 1824 1512 della

175 1547 317 1589 robba
338 1546 412 1589 del
443 1548 494 1589 Ρ.
522 1545 667 1590 Siluio
690 1546 704 1566 ‘³
730 1546 773 1587 al
796 1546 995 1602 collegio
1019 1545 1064 1588 di
1097 1546 1322 1599 Louanio,
1348 1552 1393 1589 et
1422 1545 1465 1588 io
1494 1545 1554 1587 mi
1585 1552 1822 1598 contento,

177 1630 476 1678 quantunque
499 1622 634 1667 etiam
657 1623 702 1665 in
727 1624 871 1666 Roma
893 1622 1054 1666 stiamo
1077 1622 1123 1665 in
1142 1622 1258 1666 assai
1276 1623 1452 1679 grande
1470 1622 1680 1678 bisogno.
1704 1623 1760 1664 Et
1777 1621 1823 1664 di

176 1698 325 1753 questi
346 1699 383 1742 si
405 1706 630 1755 potranno
652 1714 821 1756 pagare
844 1699 981 1755 quelli
998 1712 1057 1753 40
1087 1710 1128 1745 Δ
1144 1699 1191 1742 ,di
1209 1701 1296 1743 che
1314 1700 1430 1742 deue
1448 1699 1479 1740 l'
1500 1698 1685 1742 inferior
1702 1699 1824 1742 Ger—

177 1775 326 1818 mania
343 1790 369 1818 a
387 1776 536 1831 quella
552 1776 627 1820 del
645 1778 791 1830 Reno;
813 1778 981 1832 perche
999 1777 1105 1820 delli
1124 1776 1326 1819 mandati
1343 1791 1432 1831 qua
1450 1791 1542 1818 non
1561 1778 1600 1818 c’
1627 1777 1651 1818 e
1669 1775 1825 1819 niente

176 1851 356 1894 residuo
378 1852 422 1894 di
446 1853 606 1908 poterli
643 1853 767 1897 dare.
801 1854 862 1898 Se
884 1868 1161 1910 passaranno
1192 1854 1251 1896 da
1287 1866 1372 1908 3oo
1408 1852 1546 1908 quelli
1579 1854 1664 1896 che
1693 1852 1730 1895 51
1761 1851 1823 1894 11-

173 1935 495 1972 561101161311110
517 1929 562 1972 di
585 1930 643 1982 la,
670 1930 776 1974 delli
793 1930 900 1974 beni
916 1931 990 1972 del
1008 1931 1136 1974 detto
1157 1932 1209 1973 P.
1231 1929 1391 1982 Siluio,
1414 1929 1474 1972 mi
1492 1929 1530 1973 si
1548 1929 1622 1972 dia
1640 1929 1819 1982 auuiso,

173 2005 300 2049 accio
324 2005 366 2048 io
393 2006 508 2049 ueda
531 2007 637 2061 quel
660 2009 744 2050 che
767 2008 805 2049 51
828 2008 946 2051 deue
970 2008 1079 2050 fare.

262 2083 304 2125 ὁ.
372 2084 557 2138 Quanto
581 2084 656 2127 all'
672 2084 837 2127 andata
854 2085 929 2128 del
950 2086 1000 2126 P.
1022 2084 1244 2140 Dionysio
1263 2085 1277 2104 ⁵
1302 2083 1348 2126 in
1367 2084 1570 2135 Prussia,
1593 2084 1712 2128 uedo
1732 2085 1820 2126 che

174 2159 314 2202 molto
337 2159 646 2204 difficilmente
663 2168 869 2217 potremo
887 2161 1106 2204 sodisfare
1124 2161 1166 2204 al
1183 2160 1410 2204 cardinale
1429 2160 1679 2205 Barniense
1694 2168 1714 2188 a
1731 2161 1764 2213 ¹²,
1791 2160 1822 2203 il

176 2237 282 2291 qual
304 2237 452 2293 allega
472 2252 704 2294 promessa
727 2240 854 2291 fatta,
881 2254 931 2283 se
953 2239 1199 2283 realmente
1221 2253 1314 2282 non
1335 2238 1373 2281 si
1402 2239 1589 2291 manda,
1616 2245 1819 2294 permet-

177 2315 314 2357 tendo
336 2314 378 2357 13
402 2329 484 2358 5113
506 2314 666 2358 sanita.
690 2317 751 2360 Se
773 2317 987 2372 adunque
1005 2315 1338 2372 giudicaranno
1356 2315 1386 2357 li
1405 2315 1568 2360 medici
1585 2317 1672 2358 che
1690 2317 1819 2371 potra

176 2391 344 2435 andare
366 2406 503 2435 senza
531 2392 806 2437 detrimento
834 2393 1034 2437 notabile
1065 2392 1109 2435 di
1139 2407 1222 2436 sua
1250 2392 1419 2445 5311113,
1446 2393 1643 2436 1111131113
1672 2392 1821 2436 1101161

173 2468 246 2509 ch’
270 2468 479 2519 andasse,
505 2483 641 2512 senza
664 2476 791 2513 tener
814 2470 1003 2526 rispetto
1025 2471 1067 2513 al
1091 2470 1232 2513 frutto
1249 2469 1293 2513 di
1312 2470 1437 2526 Lieja
1460 2477 1506 2513 61
1524 2470 1710 2513 Μ351116
1726 2476 1815 2513 etc.

240 2581 261 2602 a
302 2574 382 2620 Sic,
403 2586 472 2622 pro
500 2576 753 2612 warmiense.

238 2665 249 2684 ¹
304 2664 444 2699 Petrus
463 2664 511 2700 de
530 2665 809 2710 Ribadeneira,
828 2666 896 2713 qui
914 2666 1243 2713 superintendens
1262 2672 1346 2701 erat
1370 2667 1625 2712 collegiorum
1647 2666 1819 2701 Societa-

168 2720 218 2755 tis
237 2721 398 2757 Romae.

234 2782 248 2801 2
299 2781 438 2816 Petrus
457 2781 633 2828 Sylvius.
655 2782 756 2818 Vide
776 2783 906 2830 Epist.
924 2784 1081 2830 Natal.,
1103 2785 1152 2831 11,
1174 2793 1256 2830 579,
1275 2784 1358 2829 5803
1380 2790 1420 2820 et
1439 2796 1570 2831 supra,
1591 2784 1704 2830 epist.
1728 2783 1811 2829 518,

165 2850 204 2875 n.
258 2864 266 2874 .

226 2846 251 2917 7³
302 2898 498 2935 Henricus
516 2900 746 2947 Dionysius.
765 2901 867 2937 Vide
886 2903 1001 2949 epist.
1023 2903 1107 2950 508,
1124 2916 1163 2939 n.
1184 2902 1219 2948 33
1240 2911 1321 2949 509,
1344 2915 1382 2938 n.
1400 2912 1435 2948 73
1454 2912 1536 2948 512,
1555 2915 1591 2937 n.
1618 2911 1650 2945 13
1669 2908 1708 2936 et
1727 2901 1810 2947 518,

169 2967 207 2990 n.
256 2982 263 2991 .

228 2963 256 3036 7⁴
306 3015 525 3053 Stanislaus
543 3019 702 3055 Hosius.
720 3020 821 3056 Vide
841 3021 1009 3068 append.
1039 3022 1183 3057 LXIII.
