2101 3348
409 242 476 286 782
989 240 1126 274 EPIST.
1155 239 1198 274 P.
1228 238 1378 274 NADAL

360 342 534 398 possint
557 356 624 395 ea,
652 355 768 396 quae
789 347 913 384 recte
933 340 1104 384 docent
1132 346 1177 382 et
1204 341 1450 396 postulant,
1481 340 1737 384 executioni
1770 343 1988 386 mandari.

358 402 496 445 Nulla
518 401 637 443 enirn
660 408 729 442 est
751 400 797 442 in
813 399 883 442 his
899 399 1010 442 locis
1025 399 1260 452 seueritas,
1280 400 1361 443 sed
1378 414 1554 442 summa
1571 399 1805 442 dissolutio
1821 408 1867 443 et
1886 416 1991 457 per-

357 461 558 503 turbatio
591 459 924 502 ecclesiasticae
960 458 1236 514 disciplinae.
1269 458 1338 512 4⁰
1378 459 1507 503 Sicut
1543 459 1770 514 sapientes
1803 460 1983 514 quidam

358 520 585 572 iudicant,
632 526 783 574 posset
826 517 1008 573 quidem
1050 524 1205 560 nostra
1247 518 1453 561 Societas
1495 518 1670 561 afflictis
1713 519 1985 565 Germaniae

358 579 494 622 rebus
518 586 563 622 et
584 577 735 622 ruenti
757 576 961 633 religioni
989 577 1204 620 maiorem
1233 591 1415 632 operam
1447 578 1622 629 afferre,
1649 576 1685 620 si
1714 579 1983 623 haberemus

355 639 618 681 sacerdotes
640 644 685 680 et
715 638 953 692 theologos
982 650 1237 692 germanos,
1270 636 1346 691 qui
1375 637 1545 691 absque
1573 651 1740 692 magno
1768 638 1984 694 collegio-

357 712 458 739 rum
482 697 770 748 detrimento,
797 704 841 739 et
870 695 966 738 sine
993 695 1194 751 periculo
1222 710 1330 738 suae
1352 695 1618 747 vocationis,
1644 703 1831 751 possent
1853 697 1984 741 annis

356 757 526 811 aliquot
545 756 590 798 in
608 756 765 798 iisdem
785 755 895 797 locis
912 769 1219 810 perseuerare,
1238 755 1462 808 docendo,
1478 755 1807 809 conuersando,
1829 756 1985 799 simul-

353 830 444 871 que
466 815 707 872 pastoralia
739 813 893 857 munia
921 814 1190 858 exercendo.
1226 815 1414 867 Verum,
1440 821 1488 856 vt
1516 828 1638 857 nunc
1671 815 1809 857 habet
1842 823 1986 859 status

355 882 452 918 tum
491 889 802 930 personarum,
836 881 932 916 tum
971 873 1267 929 collegiorum
1302 873 1622 929 praesentium,
1658 888 1749 916 non
1781 874 1987 918 videmur

352 948 451 977 eam
476 936 626 977 adhuc
649 933 844 976 assecuti
867 932 1187 985 maturitatem3
1214 933 1292 975 sed
1316 933 1465 988 potius
1488 935 1576 975 hoc
1601 933 1849 977 timendum
1881 935 1982 986 erit,

354 1009 427 1046 ne,
453 995 561 1036 dum
585 993 726 1035 nostri
750 994 805 1035 ad
829 992 998 1035 alienos
1021 999 1066 1034 et
1088 992 1339 1035 haereticos
1362 993 1587 1035 sanandos
1616 992 1873 1046 mittuntur,
1900 993 1984 1050 ipsi

353 1053 680 1109 periclitentur,
707 1058 751 1094 et
774 1052 1155 1093 infirmum'hunc
1184 1058 1351 1094 statum
1385 1051 1698 1108 collegiorum,
1735 1052 1811 1106 qui
1840 1054 1983 1096 multo

354 1113 523 1156 maiore
545 1113 694 1154 adhuc
716 1118 821 1166 eget
845 1111 1187 1154 confirmatione
1209 1118 1344 1166 atque
1366 1113 1588 1167 profectU,
1620 1112 1811 1154 reddant
1845 1113 1980 1156 etiam

353 1171 621 1215 deteriorem
645 1178 690 1213 et
719 1170 1015 1213 afflictiorem.

444 1233 597 1286 Quare
620 1229 837 1273 maiorem
860 1230 906 1271 in
930 1230 1113 1271 modum
1136 1228 1459 1282 desideramus,
1492 1238 1540 1271 vt
1568 1244 1683 1284 quae
1711 1230 1897 1273 consilia
1925 1232 1981 1274 de

353 1291 521 1333 nostris
544 1289 774 1332 mittendis
796 1289 1106 1341 instituentur,
1138 1302 1240 1330 cum
1269 1289 1390 1331 bona
1419 1289 1563 1345 gratia
1595 1290 1900 1343 fundatorum,
1937 1297 1982 1334 et

351 1349 466 1392 citra
488 1349 833 1393 dissolutionem
857 1356 934 1391 aut
957 1348 1276 1392 detrimentum
1300 1349 1611 1404 collegiorum,
1639 1356 1683 1392 et
1706 1349 1802 1392 sine
1832 1363 1982 1393 sacer—

351 1411 507 1451 dotum
533 1423 715 1464 quoque
737 1416 993 1450 nostrorum
1019 1407 1234 1463 periculo,
1260 1407 1572 1450 instituantur:
1607 1408 1868 1462 praesertim
1896 1411 1983 1451 hoc

351 1475 554 1524 tempore
577 1476 666 1510 tam
692 1467 957 1522 periculoso,
984 1474 1029 1510 et
1051 1467 1126 1509 vbi
1154 1466 1384 1522 plaerique
1414 1467 1632 1522 germani,
1660 1467 1737 1521 qui
1761 1469 1879 1522 apud
1902 1483 1985 1511 nos

352 1536 475 1580 sunt,
517 1528 790 1578 sacerdotes,
831 1541 921 1568 non
959 1541 1011 1569 ea
1048 1526 1260 1569 videntur
1298 1527 1474 1570 adferre
1508 1527 1690 1578 talenta,
1725 1541 1841 1582 quae
1874 1527 1984 1570 huic

352 1593 478 1629 tanto
502 1587 673 1629 muneri
699 1586 939 1628 subeundo
963 1586 1281 1641 respondeant.
1302 1585 1401 1628 Fiat
1424 1593 1576 1630 autem
1599 1586 1645 1628 in
1669 1586 1878 1630 omnibus
1896 1586 1982 1631 Dei

350 1654 397 1689 et
419 1646 697 1702 superiorem
721 1646 948 1687 voluntas.

442 1707 686 1760 Inscriptio
724 1721 751 1746 α
789 1708 931 1760 tergo:
970 1705 998 1760 ἦ·
1024 1703 1261 1759 Quaedam
1300 1703 1418 1746 circa
1456 1703 1628 1746 indices
1657 1703 1981 1749 mittendorum

351 1765 694 1809 consideranda.

1070 1894 1268 1936 XXXIV

854 1984 898 2018 P.
926 1980 1275 2018 HIERONYMUS
1303 1982 1487 2017 NADAL

952 2060 1089 2102 Anno
1128 2059 1237 2113 1566
1270 2059 1316 2115 (Ρ)
1355 2060 1382 2103 ¹.

871 2154 933 2189 De
947 2154 1103 2188 ratione
1121 2153 1259 2188 alendi
1277 2155 1459 2189 novitios.

432 2240 560 2295 Jhus.
586 2240 654 2280 De
683 2237 857 2280 ratione
884 2243 929 2279 et
957 2237 1091 2278 modo
1120 2236 1269 2280 alendi
1301 2237 1506 2280 nouicios
1544 2238 1785 2293 Monachij.
1828 2239 1979 2282 Colle-

346 2297 474 2353 gium
499 2297 818 2340 monachiense
840 2296 928 2339 alet
952 2308 1007 2349 24
1032 2298 1188 2339 Patres
1211 2304 1255 2338 et
1286 2297 1459 2340 fratres
1499 2299 1705 2340 Eundem
1734 2313 1977 2341 numerum

346 2357 718 2413 ingolstadiense,
734 2364 778 2398 et
798 2355 937 2410 oenip
935 2362 1149 2398 oritanum
1167 2355 1424 2411 collegium.
1443 2357 1699 2413 Collegium
1720 2357 1976 2413 dilingense

346 2417 435 2460 alet
459 2417 529 2458 28.
557 2417 639 2458 Col
644 2415 812 2470 legium
837 2421 1157 2470 augustanum,
1179 2392 1379 2469 quandiu
1398 2417 1533 2458 habet
1558 2430 1637 2468 yoo
1655 2418 1863 2470 florenos,
1885 2417 1976 2459 alet

351 2488 421 2518 10.
455 2474 670 2518 Censebit
694 2482 842 2516 tamen
866 2473 1169 2529 prouincialis‚
1201 2474 1276 2516 ubi
1308 2482 1535 2517 rectorum
1560 2475 1758 2519 rationes
1781 2476 1969 2528 videbit,

343 2549 401 2577 an
424 2535 574 2589 plures
598 2533 766 2588 possint
789 2534 921 2575 alere.
950 2533 1038 2575 Hic
1060 2547 1275 2575 numerus
1299 2541 1366 2576 est
1390 2535 1680 2588 constitutus,
1716 2535 1974 2577 coniunctis

344 2593 555 2636 omnibus
587 2591 795 2647 expensis
818 2592 1103 2647 singulorum
1126 2592 1439 2648 collegiorum,
1471 2601 1517 2636 et
1545 2608 1662 2648 quae
1694 2595 1751 2636 ad
1783 2594 1970 2646 victum,

344 2652 575 2703 uestitum,
601 2651 779 2701 viatica,
806 2657 850 2693 et
873 2651 981 2693 alias
1003 2665 1074 2693 res
1096 2651 1335 2705 pertinent.
1367 2652 1626 2708 Collegium
1657 2653 1974 2695 monachiense

344 2713 520 2754 nullum
543 2710 726 2754 habebit
749 2709 1070 2751 scholasticum
1095 2709 1351 2763 Societatis,
1377 2712 1457 2754 sed
1476 2726 1713 2754 numerum
1737 2722 1869 2754 suum
1888 2712 1975 2754 im-

345 2770 487 2827 plebit
509 2784 564 2812 ex
587 2768 785 2811 nouitiis:
812 2782 896 2811 nec
920 2767 1084 2823 poterit
1106 2769 1357 2812 subsidium
1380 2770 1436 2812 ab
1460 2770 1557 2813 aliis
1580 2771 1783 2827 collegiis
1801 2779 1971 2827 petere,

417 2906 427 2926 ¹
477 2907 536 2941 Ex
555 2906 779 2950 archetypo,
802 2915 823 2938 a
842 2903 1020 2949 Jimenez
1037 2908 1208 2947 exarato,
1231 2909 1270 2938 et
1289 2916 1310 2938 a
1324 2905 1368 2939 P.
1384 2906 1552 2941 Polanco
1570 2912 1754 2943 annotato
1769 2907 1808 2942 in
1826 2907 1920 2943 Cod.
1936 2907 1973 2948 6,

344 2964 483 3000 Natal.
512 2965 630 2999 instr.
661 2963 796 2998 Germ.
806 2961 985 3008 ,duplici
1009 2961 1178 3008 f01.„5o
1203 2962 1260 3006 58
1282 2963 1381 2998 Inter
1408 2965 1504 3000 haec
1528 2965 1620 3001 :folia
1643 2966 1717 3001 alia
1740 2966 1976 3001 documenta

340 3030 476 3059 assuta
494 3029 603 3059 sunt.
627 3022 727 3058 Vide
747 3034 837 3069 pag.
864 3031 947 3066 209;
967 3020 1049 3065 332;
1070 3020 1152 3066 3493
1173 3027 1213 3056 et
1230 3021 1316 3058 363.
