2101 3348
800 224 1021 259 APPEND1X
1605 229 1674 267 795

92 325 305 379 diuimus,
330 326 540 379 vidimus,
565 333 610 370 et
632 326 678 369 in
701 325 878 382 scriptis
899 324 1167 381 recepimus.
1195 325 1367 367 Omnes
1383 321 1658 366 examinauit
1674 328 1720 365 et

93 385 376 442 singulorum
418 386 724 429 confessiones
765 384 954 428 audiuit
1002 383 1182 427 Primus
1230 381 1477 426 celebrauit
1520 381 1719 424 officium

96 445 231 488 feriae
253 452 406 489 sextae
438 445 482 487 in
515 445 764 500 septimana
798 451 954 487 sancta
986 443 1032 486 in
1064 450 1218 486 nostro
1250 441 1500 485 domestico
1533 441 1717 494 sacello;

94 504 373 559 fecimusque
394 504 560 547 ibidem
583 505 870 560 sepulchrum
893 502 1185 554 dominicum,
1213 508 1258 546 et
1279 516 1358 557 per
1379 500 1502 544 vices
1519 506 1653 544 nocte
1675 507 1720 543 et

93 562 288 605 interdiu
311 570 507 628 quatuor
528 563 740 619 legerunt
761 562 1039 618 psalterium,
1066 562 1187 616 quod
1211 560 1426 604 fratribus
1443 566 1487 602 et
1505 559 1722 602 studiosis

93 621 257 665 nostris
296 621 646 664 excitamentum
691 622 774 664 fuit
811 621 1081 664 deuotionis.
1124 621 1411 676 Singularem
1448 618 1718 661 charitatem

91 680 283 736 collegio
305 680 524 732 exhibuit,
551 687 595 724 et
619 680 790 723 multa
780 696 827 723 1n
850 680 1078 723 meliorem
1108 681 1291 722 modum
1320 677 1596 723 reformauit.
1624 679 1694 721 Ac

91 739 291 782 curatius
313 754 434 782 nunc
456 741 616 782 domus
639 740 864 792 seclusae,
892 746 940 783 Vt
968 739 1078 781 nulli
1107 746 1256 795 pateat
1289 737 1517 785 transitus.
1546 736 1720 780 Nouitii

89 814 222 842 suum
245 800 522 855 praefectum
543 806 588 842 et
610 798 824 842 exercitia
848 799 1041 850 habent,
1069 805 1114 842 et
1135 800 1252 842 bene
1275 797 1535 854 proficiunt.

881 912 937 954 LI

508 1000 554 1036 S.
584 998 964 1035 FRANCISCUS
999 999 1075 1033 DE
1109 998 1300 1044 BORJA

610 1091 868 1121 FRIDERICO
896 1091 925 1120 A
954 1089 1207 1120 WIRSBERG

552 1169 772 1219 Romae,
815 1178 876 1209 2o
915 1165 1039 1220 Maji
1079 1165 1208 1219 1567
1230 1166 1258 1207 ¹.

644 1256 705 1291 De
723 1255 883 1302 collegii
900 1254 1165 1289 institutione.

180 1333 399 1378 Redditae
421 1333 528 1376 mihi
557 1334 740 1377 fuerunt
767 1333 943 1376 litterae
970 1334 1032 1375 D
1066 1334 1121 1375 V
1149 1332 1317 1375 Illmae.
1350 1331 1483 1374 simul
1511 1345 1613 1373 cum
1646 1330 1715 1372 in-

90 1399 342 1437 strumento
361 1394 417 1436 ad
434 1393 743 1436 fundationem
762 1391 940 1448 collegii
957 1391 1226 1447 pertinente,
1245 1397 1289 1433 et
1307 1390 1475 1446 gratias
1493 1405 1581 1446 ago
1598 1391 1713 1441 Deo,

89 1466 114 1494 a
137 1466 227 1507 quo
248 1452 398 1495 omnia
419 1453 539 1495 bona
561 1453 828 1508 procedunt,
854 1451 930 1506 qui
954 1451 1087 1495 talem
1111 1450 1309 1493 animum
1337 1457 1381 1492 et
1413 1450 1469 1492 de
1500 1448 1718 1504 religione

87 1511 309 1555 catholica
332 1526 385 1554 ac
408 1512 690 1554 subditorum
714 1526 898 1554 suorum
921 1511 1067 1554 salute
1095 1510 1403 1565 promouenda
1432 1516 1521 1551 tarn
1550 1507 1714 1551 sollici—

87 1579 183 1614 tum
207 1573 264 1614 D.
292 1573 347 1614 V.
376 1573 529 1614 Rmae.
556 1571 751 1624 dederit3
776 1577 991 1627 pergrata
1013 1569 1147 1612 etiam
1170 1568 1280 1610 mihi
1305 1569 1388 1611 fuit
1413 1570 1598 1611 Patrum
1621 1568 1714 1610 Na-

87 1629 188 1673 talis
211 1637 256 1674 et
278 1630 448 1673 Canisii
466 1630 673 1673 alacritas
690 1637 735 1673 et
752 1629 1076 1686 promptitudo,
1098 1643 1187 1684 qua
1204 1628 1442 1673 Societatis
1459 1642 1640 1683 operam
1660 1627 1716 1669 ad

89 1689 349 1733 huiusmodi
371 1689 496 1746 pium
518 1689 754 1746 negotium
775 1690 1092 1732 obtulerunt...

864 1802 940 1845 LII

629 1892 674 1927 B.
700 1890 903 1926 PETRUS
929 1888 1176 1926 CANISIUS

457 1982 671 2013 SANCTO
709 1981 1022 2012 FRANCISCO
1060 1981 1128 2011 DE
1166 1980 1341 2020 BORJA

578 2057 808 2114 Dilingae,
840 2069 888 2100 12
907 2056 1032 2114 Junii
1060 2056 1170 2110 1567
1189 2056 1220 2098 ².

294 2147 354 2182 De
372 2147 603 2182 dimissione
631 2146 823 2181 Vischerii
840 2146 1039 2192 Borgiam
1058 2147 1095 2180 et
1113 2143 1302 2180 Natalem
1318 2144 1502 2179 consulit.

175 2225 285 2267 Post
301 2224 484 2280 longam
501 2223 860 2279 expectationem
878 2223 973 2267 heri
991 2222 1271 2265 coniunctim
1289 2221 1460 2277 accepi,
1478 2236 1593 2276 quae
1612 2237 1715 2277 par-

86 2282 165 2325 tim
191 2293 213 2337 5
239 2283 424 2338 Aprilis,
450 2283 609 2337 partim
635 2295 690 2325 20
708 2282 814 2326 Maii
836 2282 970 2325 scribi
993 2283 1049 2324 ad
1071 2297 1142 2325 me
1161 2281 1305 2324 uoluit
1323 2281 1578 2324 Paternitas
1597 2282 1713 2324 Tua.

86 2341 213 2386 Alias
241 2357 352 2387 uero
388 2341 505 2384 mitti
536 2343 720 2393 curabo,
752 2356 868 2397 quae
903 2342 961 2385 ad
993 2343 1046 2384 P.
1073 2342 1280 2385 Natalem
1313 2347 1358 2384 et
1389 2340 1714 2397 prouincialem

86 2403 355 2445 rhenensem
379 2401 567 2457 scriptas
590 2401 723 2444 simul
745 2400 954 2456 accepi...

176 2462 228 2504 P.
250 2461 495 2504 Vischerus
513 2462 526 2482 ³
551 2476 623 2505 me
645 2460 952 2516 superioribus
973 2459 1133 2504 diebus
1151 2460 1392 2515 Augustae
1415 2457 1649 2512 conuenit,
1669 2464 1716 2500 et

154 2596 162 2616 ¹
215 2597 274 2631 Ex
292 2597 479 2643 Regesto‚
503 2596 598 2632 Cod.
618 2606 661 2642 33
672 2596 735 2644 g),
751 2595 816 2632 fol.
835 2595 893 2631 23.
909 2595 1009 2631 Vide
1025 2596 1140 2643 epist.
1156 2603 1239 2641 4773
1256 2594 1339 2640 4783
1356 2600 1396 2630 et
1410 2594 1575 2642 append.
1592 2594 1712 2629 XLV.

150 2655 165 2676 ²
214 2655 272 2689 Ex
291 2656 517 2702 archetypo,
537 2655 576 2690 in
596 2655 724 2702 Epist.
747 2654 918 2699 canisii,
937 2654 986 2699 II,
1012 2663 1076 2700 197
1096 2654 1210 2700 (264).

149 2714 164 2735 ³
214 2712 330 2750 Hunc
346 2715 393 2750 P.
419 2714 664 2750 Vischerium
683 2715 925 2762 suspicamur
948 2726 1035 2750 esse
1060 2714 1240 2750 eumdem
1265 2714 1455 2760 Joannem
1474 2713 1712 2749 Piscatorem

7 2808 11 2809 ⁷
77 2773 344 2819 sypontinum‚
365 2774 800 2820 wurttembergensem,
819 2773 930 2820 eujus
949 2784 1113 2809 examen
1138 2773 1177 2809 in
1203 2773 1334 2820 Epist.
1360 2773 1523 2818 Natal.‚
1549 2773 1596 2816 ΙΙ,
1628 2771 1711 2816 566,

77 2832 257 2876 habetur3
276 2833 342 2879 qui
360 2832 518 2880 quidem
537 2833 635 2869 alius
654 2844 809 2880 prorsus
828 2838 888 2869 est
906 2844 928 2868 a
952 2834 1102 2879 Joanne
1126 2832 1338 2877 Piscatore,
1364 2843 1537 2877 romano,
1563 2831 1611 2867 de
1635 2843 1712 2878 quo

78 2890 235 2937 scripsit
253 2891 516 2927 PATRIGNANI
535 2892 574 2928 in
593 2892 834 2940 Menologio,
853 2891 925 2936 ΙΙΙ,
944 2891 1073 2927 60-62.
1096 2891 1211 2928 Unde
1230 2891 1513 2926 emendandum
1532 2895 1592 2925 est
1609 2890 1712 2937 quod

78 2949 119 2984 in
137 2950 270 2996 Epist.
295 2950 457 2995 Natat„
479 2951 529 2996 ΙΙ,
553 2951 634 2997 186,
654 2956 790 2988 annot.
814 2961 850 2998 2,
869 2951 1038 2986 diximus
1056 2951 1104 2986 de
1128 2950 1332 2986 Vischerio
1349 2950 1595 2995 (Piscatore),
1621 2961 1709 2984 eum

80 3019 140 3044 sc.
165 3008 287 3045 fuisse
306 3008 533 3055 magistrum
561 3009 601 3047 S.
632 3011 771 3048 Aloisii
794 3009 1020 3057 Gonzagae3
1049 3022 1146 3058 quae
1172 3010 1411 3045 conveniunt
1437 3009 1625 3045 Piscatori
1651 3020 1710 3044 ro-
