2101 3348
763 224 804 250 12
831 217 1078 252 DECEMssms
1108 215 1198 261 1566
1683 213 1754 260 329

157 315 335 368 adesso3
361 316 389 357 l’
415 317 609 358 hauemo
632 319 783 359 tamen
805 316 1021 360 condotto
1043 332 1068 360 a
1091 318 1174 360 che
1198 316 1311 360 faeci
1341 331 1432 359 una
1461 315 1798 360 dechiaratione

159 391 204 434 di
227 400 404 448 questo,
429 393 473 435 13
494 393 568 436 cui
591 393 718 450 copia
740 396 840 437 sara
856 408 943 437 con
960 402 1134 449 questa.
1157 395 1343 450 Quanto
1361 395 1402 437 al
1419 393 1488 448 4⁰
1506 393 1552 436 d'
1578 392 1797 438 inuestire

159 468 205 511 in
228 477 355 525 parte
377 469 542 523 sicura,
568 477 675 523 etc.,
702 471 774 513 all'
805 473 917 514 hora
938 471 1045 513 data
1066 476 1202 527 opera
1225 486 1318 514 non
1340 471 1383 513 lo
1406 471 1608 514 uolsemo
1635 470 1731 514 dire
1754 471 1796 513 al

161 546 405 600 cardinale,
431 548 664 603 pensando
687 550 818 591 che-a
842 548 917 591 noi
944 563 1121 605 sempre
1150 549 1340 593 sarebbe
1372 548 1513 592 libero
1552 561 1795 604 procurare

157 624 242 666 che
265 624 303 667 si
326 621 598 668 redimesero
623 626 771 679 quelle
800 639 987 677 somme,
1023 632 1067 667 et
1090 625 1121 667 li
1157 625 1313 668 danari
1336 625 1555 668 inuestirli
1579 624 1623 667 in
1647 625 1790 678 Italia,

154 701 271 744 doue
293 701 570 756 puotresimo
588 708 884 757 augmentare
902 702 944 744 la
967 701 1142 744 rendita
1160 703 1279 746 forse
1301 703 1341 745 al
1364 702 1529 758 doppio
1553 717 1579 744 o
1602 702 1788 755 incirca,

151 779 316 832 perche
338 778 383 819 in
406 777 650 820 Germania
673 792 784 820 sono
806 778 836 819 li
854 777 978 820 censi
996 793 1022 820 a
1039 778 1203 834 cinque
1220 794 1300 835 per
1318 787 1468 831 cento,
1491 786 1535 823 et
1553 780 1610 822 ne
1628 779 1791 824 adesso

136 854 389 896 shabbiamo
421 855 577 896 uoluto
616 853 875 910 significare
913 862 1073 909 questo
1103 855 1294 911 disegno
1317 863 1473 899 nostro
1496 857 1536 899 al
1560 855 1790 901 cardinale

146 930 469 984 chiaramente,
496 945 640 974 senon
662 932 838 974 metter’
862 945 951 974 una
968 931 1291 987 equiualentia,
1312 948 1440 977 come
1462 934 1631 977 uedera
1648 934 1706 977 V.
1730 935 1784 976 P.

147 1022 226 1063 per
246 1008 279 1063 il
300 1010 584 1064 paragrapho
607 1009 692 1051 che
715 1010 750 1050 s'
776 1009 801 1051 e
825 1007 1064 1064 aggiont03
1091 1015 1136 1051 et
1165 1012 1317 1051 tamen
1346 1011 1554 1053 venendo
1583 1011 1625 1052 al
1647 1009 1790 1066 parti—

145 1085 294 1128 colare
316 1086 372 1128 de
395 1085 543 1141 questi
573 1098 683 1139 14oo
705 1085 864 1129 fioreni
886 1085 1110 1142 perpetui,
1138 1100 1229 1129 non
1247 1086 1289 1128 ci
1311 1088 1335 1129 e
1359 1102 1407 1130 se
1425 1101 1520 1129 non
1538 1100 1625 1140 400
1647 1089 1732 1130 che
1750 1086 1788 1129 si

148 1162 332 1218 possino
356 1163 582 1215 redimer’;
609 1170 655 1207 et
676 1164 719 1206 la
741 1177 848 1206 cura
873 1162 918 1206 di
947 1170 1108 1219 questo
1131 1170 1253 1207 resta
1274 1164 1316 1207 31
1350 1165 1402 1206 Ρ.
1440 1166 1576 1207 Mtro.
1604 1164 1788 1207 Canisio

148 1241 236 1282 co’l
258 1240 500 1283 cardinale.
527 1241 561 1283 Il
584 1240 743 1296 quinto
765 1247 924 1296 punto,
950 1255 1062 1283 sono
1086 1241 1191 1283 tutti
1220 1232 1372 1284 errori*
1389 1225 1461 1284 del
1490 1241 1716 1285 scrittore:
1749 1241 1787 1283 si

145 1317 336 1361 emendo
357 1332 437 1373 per
460 1331 682 1360 consenso
706 1317 842 1362 etiam
864 1318 936 1362 del
958 1317 1186 1362 cardinale
1209 1319 1282 1361 nel
1304 1320 1589 1375 paragrapho
1618 1319 1788 1360 simili-

144 1398 212 1436 ter
234 1395 369 1437 etiam
387 1395 584 1447 domum,
608 1395 688 1437 hoc
705 1399 780 1447 est,
804 1397 842 1438 s'
861 1395 1098 1452 aggionse,
1120 1396 1174 1438 ab
1206 1397 1307 1451 ipScz
1331 1397 1543 1438 Societate
1563 1396 1786 1452 deputan—

145 1472 243 1514 dos.
271 1473 404 1516 Oltra
425 1472 469 1514 di
493 1480 653 1529 questo
675 1474 774 1517 fece
797 1473 827 1515 il
849 1473 1078 1517 cardinale
1105 1488 1195 1516 vna
1217 1488 1410 1529 procura
1440 1474 1482 1516 al
1511 1487 1594 1515 suo
1617 1480 1786 1529 agente

141 1549 186 1591 di
216 1551 373 1602 Roma,
407 1551 524 1593 nella
553 1551 687 1606 quale
715 1551 745 1593 li
774 1551 831 1593 da
869 1551 1034 1594 facolta
1076 1566 1155 1607 per
1192 1553 1348 1595 effetto
1385 1552 1502 1595 della
1530 1550 1785 1606 speditione

141 1628 259 1670 della
282 1628 416 1680 bolla,
442 1627 488 1670 di
510 1635 686 1671 mutare
709 1643 735 1671 0
758 1627 1009 1685 agiongere
1031 1630 1105 1673 nel
1135 1643 1217 1672 suo
1241 1628 1399 1671 scritto
1422 1629 1574 1684 quello
1596 1630 1680 1670 che
1702 1642 1783 1683 pa-

142 1706 240 1748 rera
258 1718 344 1747 con
367 1705 604 1762 conseglio
623 1706 740 1748 della
764 1708 816 1749 P.
843 1707 901 1749 V.
934 1707 1066 1748 salua
1088 1706 1342 1748 substantia
1367 1707 1448 1759 rei,
1474 1709 1514 1748 et
1536 1706 1784 1747 intentione

143 1782 414 1825 cardinalis.
438 1784 494 1825 Et
518 1790 679 1838 questo
702 1790 873 1838 quanto
895 1784 936 1827 al
960 1783 1117 1826 scritto
1139 1784 1212 1827 del
1241 1783 1483 1826 cardinale.
1512 1784 1647 1826 Certe
1670 1782 1783 1825 altre

142 1872 249 1903 cose
287 1859 532 1915 pertinenti
570 1861 611 1902 al
640 1860 833 1917 collegio
862 1861 918 1903 de
945 1862 992 1905 S.
1028 1860 1277 1903 Geronimo
1306 1861 1343 1903 si
1372 1860 1681 1916 negociorono
1711 1861 1795 1902 col'

140 1936 385 1989 cardinale,
412 1938 529 1981 delle
552 1937 673 1992 quali
695 1937 792 1980 diro
814 1953 903 1980 vna
925 1940 1010 1982 che
1032 1937 1238 1993 importa.
1267 1939 1313 1980 Io
1337 1940 1395 1980 ho
1418 1937 1673 1981 desiderato
1696 1938 1781 1981 che

137 2013 228 2066 noi,
255 2015 411 2056 saltem
431 2016 479 2057 z'Jz
502 2016 594 2057 vita
618 2016 690 2059 del
713 2015 956 2068 cardinale,
983 2029 1075 2058 non
1097 2015 1332 2058 hauesimo
1356 2030 1466 2058 cura
1487 2016 1560 2058 del
1583 2014 1781 2070 collegio

134 2091 191 2135 de
214 2092 262 2136 S.
288 2092 535 2136 Geronimo
559 2092 833 2146 immediata,
859 2108 940 2149 per
962 2095 1099 2138 molte
1118 2108 1255 2137 cause
1271 2095 1355 2136 che
1374 2092 1435 2135 mi
1453 2107 1624 2149 pareno
1649 2092 1780 2135 suffi-

135 2168 288 2223 cienti,
313 2176 358 2212 et
381 2170 702 2226 specialmente
734 2185 811 2227 per
834 2170 865 2213 11
894 2172 1028 2214 modo
1057 2171 1103 2214 di
1132 2171 1273 2214 viuer'
1307 2173 1392 2215 che
1428 2172 1581 2213 hanno
1604 2169 1650 2212 in
1673 2170 1779 2225 quel

135 2247 345 2303 collegio,
366 2248 591 2290 inmensa
615 2248 907 2290 dominorum
930 2250 1015 2291 che
1038 2248 1217 2300 dicono,
1250 2255 1295 2293 et
1318 2263 1397 2304 per
1429 2262 1520 2290 non
1552 2249 1710 2292 hauer’
1737 2247 1779 2290 la

135 2323 296 2367 liberta
319 2324 413 2376 noi,
439 2326 523 2369 che
546 2324 829 2370 doueresimo
866 2327 1036 2370 hauere
1058 2325 1104 2368 in
1128 2327 1188 2369 tal
1220 2325 1429 2382 collegio,
1460 2325 1779 2368 intrometten—

135 2400 233 2443 dosi
256 2400 286 2443 il
308 2401 550 2455 cardinale,
573 2409 680 2455 etc.,
702 2409 747 2446 et
764 2404 930 2459 perche
948 2404 1140 2447 essendo
1158 2403 1339 2446 difficile
1363 2401 1774 2453 administratione,

137 2477 195 2519 ha
217 2477 261 2520 di
290 2477 502 2535 bisognio
532 2480 575 2521 d'
608 2482 685 2522 un’
716 2481 888 2523 huomo
926 2481 970 2523 d’
1009 2480 1290 2536 importanza
1326 2495 1406 2536 per
1428 2486 1634 2535 regente,
1662 2485 1708 2523 et
1730 2479 1774 2521 d'

133 2554 233 2597 altri
256 2569 346 2597 non
365 2556 579 2599 mediocri
596 2571 676 2613 per
692 2559 971 2614 subregente
988 2565 1033 2601 et
1050 2557 1232 2614 prefetti
1243 2558 1298 2600 de
1322 2556 1537 2608 cubiculi,
1559 2564 1604 2600 et
1628 2555 1778 2611 questi

129 2631 262 2674 simili
284 2647 398 2676 sono
417 2635 656 2690 necessarij
676 2635 782 2679 nelli
799 2635 978 2692 collegij
1000 2635 1142 2678 nostri
1161 2635 1207 2677 in
1227 2641 1388 2690 questo
1407 2641 1573 2689 tempo.
1598 2634 1775 2688 Questo

128 2722 319 2766 propose
340 2710 382 2753 io
405 2710 549 2767 prima
572 2712 645 2755 alli
668 2712 827 2765 nostri,
855 2712 911 2756 ai
935 2712 1055 2768 quali
1079 2727 1170 2754 non
1192 2727 1338 2768 parse,
1361 2718 1406 2755 et
1430 2725 1592 2754 manco
1610 2711 1651 2752 al
1674 2724 1777 2753 car-

124 2784 292 2841 dinale,
318 2789 629 2842 pretendendo
651 2791 736 2833 che
759 2804 849 2832 non
873 2789 910 2832 si
939 2792 1120 2832 trouara
1148 2804 1342 2845 persona
1365 2789 1468 2840 tale,
1496 2803 1521 2830 a
1549 2788 1621 2830 chi
1653 2787 1690 2830 si
1714 2787 1775 2828 ri-

127 2864 387 2907 commandi
410 2866 546 2921 quell’
574 2881 727 2922 opera,
751 2873 795 2910 et
812 2881 904 2910 non
926 2867 1164 2910 ardiscono
1183 2866 1550 2909 raccomandarla
1576 2864 1606 2906 li
1631 2863 1775 2907 nostri

127 2953 154 2981 a
178 2941 312 2983 Mtro.
346 2942 576 2986 Cornelio.
603 2945 707 2987 Non
738 2944 969 3000 puotendo
1000 2945 1139 2987 esser’
1171 2950 1348 2999 questo,
1377 2944 1475 2986 fece
1498 2941 1540 2984 io
1570 2941 1776 2983 instanza

132 3029 315 3070 apresso
340 3018 413 3060 alli
437 3019 580 3061 nostri
603 3027 648 3062 et
670 3021 711 3063 al
728 3020 972 3073 cardinale,
993 3022 1078 3063 che
1095 3020 1132 3063 si
1150 3019 1320 3065 cercasi
1343 3020 1548 3062 almanco
1570 3032 1676 3069 vno,
1698 3017 1777 3072 qui
