2101 3348
779 264 825 291 20
852 255 1020 291 APRILIS
1050 255 1140 300 1567
1655 262 1724 299 445

131 358 299 401 alchun
322 358 458 401 modo
482 358 554 401 nel
577 358 709 413 quale
730 358 760 400 li
798 357 1026 401 fundatori
1059 357 1096 400 si
1119 357 1322 412 quietino
1355 364 1400 401 et
1433 356 1663 399 confidino
1685 358 1771 399 che

135 449 230 478 non
252 436 310 477 ha
327 436 383 477 da
400 449 626 489 mancare,
646 435 931 491 predicatore
952 434 1339 491 principalmente,
1360 441 1405 477 et
1427 434 1491 490 gli
1509 433 1610 477 altri
1632 433 1767 489 officij

135 514 220 556 che
237 511 457 568 sogliamo
481 513 573 556 fare
594 512 700 556 nelli
728 511 924 568 collegij,
957 526 1048 554 non
1070 526 1177 568 pare
1205 513 1290 556 che
1318 511 1358 554 ci
1389 511 1453 555 sia
1482 525 1701 567 speranza
1722 509 1768 553 di

137 589 301 632 fundar
322 588 529 645 collegio,
555 603 634 645 per
654 589 697 633 le
719 580 856 641 cause
878 590 962 633 che
983 589 1026 632 13
1049 591 1101 632 Ρ.
1124 590 1181 632 V.
1208 589 1298 645 puo
1321 588 1623 632 considerare.
1651 588 1709 629 Et
1730 586 1769 629 si

135 680 248 709 sono
269 665 581 722 marauegliati
604 665 751 721 questi
775 672 842 708 tre
863 665 1145 721 prouinciali,
1165 668 1250 709 che
1265 665 1399 708 insin'
1421 665 1580 709 adesso
1598 664 1634 707 si
1653 677 1768 706 sono

136 742 301 786 trouati
323 758 348 786 a
371 751 529 798 queste
551 751 618 787 tre
641 742 908 795 fundationi,
934 744 1018 786 che
1039 742 1076 786 si
1098 757 1210 786 sono
1228 745 1337 786 fatte
1360 744 1478 798 dopo
1497 748 1657 797 questa
1678 741 1769 783 mia

132 820 287 863 vltima
309 827 493 874 venuta,
519 822 603 864 che
626 820 752 863 siano
773 819 929 864 venuti
960 819 991 861 11
1021 820 1249 862 fundatori
1278 820 1323 862 in
1352 821 1446 863 fare
1478 820 1520 863 16
1547 817 1768 861 (1013110111

132 898 398 953 simpliciter
421 898 519 939 sine
541 897 804 940 conditione.
832 898 888 939 Et
917 895 988 939 chi
1018 896 1047 938 li
1070 898 1263 940 hauesse
1299 897 1424 939 detto
1452 898 1536 940 che
1564 896 1606 937 la
1629 896 1768 938 Com-

130 974 296 1031 pagnia
317 988 407 1017 non
432 974 469 1016 si
497 975 588 1030 puo
610 973 828 1029 obligare,
854 973 910 1015 ne
933 987 959 1015 a
987 987 1035 1016 se
1058 980 1217 1024 stessa,
1244 987 1350 1028 pare
1388 974 1472 1016 che
1504 972 1621 1015 saria
1649 979 1769 1015 stato

133 1051 363 1105 scandalO,
388 1058 433 1094 et
455 1050 501 1092 in
525 1050 685 1093 nisuna
707 1048 906 1094 maniera
928 1064 1035 1105 pare
1058 1049 1307 1092 113116113110
1329 1050 1485 1092 voluto
1515 1049 1683 1093 sentire
1706 1049 1766 1091 tal

133 1127 410 1170 fundatione.
442 1128 636 1179 Vtinam,
662 1126 823 1178 Padre,
850 1126 938 1169 fusi
960 1127 1002 1168 la
1025 1125 1270 1170 deuotione
1300 1126 1499 1180 antiqua,
1532 1133 1577 1168 et
1607 1126 1767 1168 dasino

135 1219 224 1248 non
248 1205 342 1248 solo
364 1204 503 1247 libere
530 1202 783 1246 fundationi
821 1203 878 1246 de
913 1203 1190 1258 monasterij,
1231 1218 1303 1246 ma
1332 1210 1465 1255 terre,
1497 1202 1660 1258 campi,
1694 1216 1768 1244 re-

136 1281 276 1338 gioni,
307 1289 414 1334 etc.,
446 1294 573 1323 come
601 1279 940 1334 antiquamente
976 1279 1013 1323 si
1053 1280 1224 1323 faceua.
1260 1280 1438 1323 Adesso
1476 1280 1500 1321 e
1533 1278 1761 1322 miracolo:

132 1358 292 1414 primo,
324 1359 406 1400 che
435 1356 570 1412 quelli
599 1357 716 1399 della
744 1356 1028 1413 Compagnia
1055 1355 1092 1399 si
1123 1356 1377 1400 sustentino
1411 1356 1456 1399 in
1491 1357 1763 1412 Alamagna:

133 1435 216 1488 2.⁰,
243 1437 327 1479 che
364 1433 678 1478 destruendosi
699 1433 729 1476 li
750 1433 851 1477 altri
873 1433 1133 1477 monasterii
1171 1441 1215 1478 et
1247 1433 1471 1490 religioni,
1503 1433 1541 1476 51
1574 1433 1766 1475 sundino

130 1513 175 1555 di
198 1527 351 1555 nuouo
379 1511 559 1568 collegii
586 1526 667 1567 per
697 1511 740 1554 13
771 1510 1070 1567 Compagnia.
1103 1512 1160 1554 Et
1197 1512 1391 1554 essendo
1414 1518 1544 1553 tanto
1573 1517 1768 1554 estrema

129 1589 350 1634 necessita
372 1588 475 1633 delli
498 1588 731 1643 ministerij
756 1595 802 1632 et
823 1588 1002 1644 collegij
1027 1588 1172 1631 nostri
1192 1588 1239 1631 in
1263 1589 1535 1645 Alamagna,
1557 1602 1664 1644 pare
1682 1589 1767 1631 che

132 1666 370 1710 habbiamo
393 1666 437 1708 di
470 1665 690 1709 ricercare
712 1666 845 1709 modo
868 1672 913 1708 et
942 1665 1110 1709 facilita
1146 1666 1203 1710 de
1239 1665 1434 1709 fundarli
1465 1673 1510 1710 et
1539 1665 1716 1709 aiutare
1737 1664 1768 1707 li

133 1743 268 1788 animi
290 1743 394 1786 delli
418 1742 660 1797 fundatori,
687 1742 846 1799 poiche
867 1757 975 1799 pare
997 1743 1040 1785 lo
1057 1742 1284 1799 possiamo
1304 1744 1413 1797 fare,
1432 1757 1568 1786 senza
1586 1748 1767 1785 contra-

133 1821 229 1865 dire
246 1822 286 1864 31
307 1820 529 1863 11151111110.
549 1821 695 1876 Atque
711 1806 833 1872 adeo,
849 1821 1101 1863 ancorache
1122 1834 1215 1863 non
1238 1820 1274 1863 si
1297 1820 1474 1875 puotesi
1492 1820 1604 1871 fare,
1624 1820 1769 1864 (10116-

134 1899 296 1943 16511110
318 1898 613 1953 interpretare
635 1912 715 1953 per
743 1897 998 1953 Alamagna
1019 1897 1061 1940 le
1083 1897 1411 1949 constitutioni,
1438 1911 1464 1939 o
1486 1896 1765 1952 dispensare.

223 1989 263 2030 3.
330 1977 517 2030 Quanto
540 1976 582 2017 31
603 1973 868 2030 particolare
896 1973 1082 2030 negotio
1104 1973 1149 2016 di
1173 1973 1319 2029 Spita,
1351 1974 1394 2017 io
1423 1989 1506 2017 son
1528 1980 1699 2017 venuto
1722 1973 1768 2015 in

132 2053 362 2096 acordarlo
384 2052 456 2095 del
478 2053 613 2095 modo
635 2053 721 2095 0116
742 2053 912 2096 11311613
932 2050 1051 2094 visto
1072 2052 1115 2094 13
1138 2054 1190 2094 Ρ.
1213 2053 1290 2103 V.,
1312 2058 1357 2094 et
1374 2066 1460 2094 0011
1479 2066 1594 2107 gran
1614 2058 1770 2094 traua-

134 2129 241 2187 glio,
267 2131 433 2185 perche
461 2131 641 2174 haueua
669 2127 986 2172 commissione
1013 2128 1059 2170 di
1083 2129 1197 2171 farlo
1227 2143 1355 2172 come
1384 2131 1443 2171 ho
1471 2129 1596 2172 detto
1625 2128 1769 2171 diso-

134 2222 228 2264 pra.
255 2208 312 2249 Et
334 2207 376 2250 le
397 2206 582 2250 hauerei
612 2206 724 2249 fatto
753 2205 888 2249 6113111
921 2220 1058 2248 senza
1094 2205 1429 2259 commissione,
1455 2220 1535 2262 per
1568 2205 1598 2248 il
1622 2208 1767 2262 parer’

135 2283 240 2336 mio,
266 2286 350 2328 che
371 2298 572 2339 pensaua
594 2297 683 2326 non
706 2283 845 2327 esser’
869 2282 1093 2325 contrario
1115 2297 1141 2325 a
1162 2283 1312 2338 quello
1334 2284 1450 2326 della
1480 2285 1532 2326 Ρ.
1566 2284 1623 2327 V.
1650 2284 1771 2326 Loro

137 2362 288 2404 hanno
310 2362 512 2412 creduto,
539 2366 584 2404 et
604 2374 715 2403 sono
738 2359 861 2412 boni,
887 2365 932 2402 et
953 2359 1201 2404 desiderosi
1222 2360 1339 2403 della
1357 2359 1656 2416 Compagnia.
1683 2359 1773 2403 Gia

139 2438 296 2481 adesso
319 2452 411 2480 non
429 2437 489 2479 mi
510 2452 617 2493 pare
639 2438 726 2480 che
747 2436 787 2480 ci
810 2436 876 2479 sia
899 2437 1012 2479 altro
1035 2438 1120 2481 che
1142 2436 1215 2479 doi
1238 2437 1375 2501 modi:
1402 2451 1428 2480 ο
1451 2438 1536 2481 0116
1558 2437 1601 2479 13
1632 2439 1684 2480 Ρ.
1712 2438 1770 2480 V.

140 2530 234 2559 non
256 2516 392 2560 acetti
424 2516 466 2557 13
503 2513 762 2567 donatione,
793 2520 838 2557 et
875 2513 970 2556 cosi
1001 2513 1213 2557 lasciamo
1242 2515 1270 2556 l’
1303 2521 1535 2569 assumpto
1563 2513 1608 2556 di
1637 2514 1774 2568 quell'

140 2606 287 2648 opera,
310 2608 336 2635 o
361 2607 468 2636 uero
491 2594 575 2635 che
596 2592 692 2634 loro
714 2591 841 2634 siano
863 2590 1065 2634 contenti
1087 2590 1134 2633 di
1156 2591 1307 2646 quello
1330 2592 1415 2634 che
1437 2590 1537 2634 dice
1559 2591 1602 2633 la
1630 2592 1683 2634 Ρ.
1710 2592 1769 2634 V.

138 2670 256 2713 nella
277 2684 375 2722 sua,
402 2671 486 2711 che
513 2668 587 2711 dia
609 2668 766 2711 ordine
795 2668 837 2711 al
865 2666 1158 2723 prouinciale,
1191 2668 1269 2723 qui
1290 2673 1379 2723 pro
1403 2671 1597 2722 tempore
1617 2668 1775 2726 fuerit

139 2746 255 2790 della
276 2746 524 2802 prouincia,
556 2746 674 2788 doue
703 2746 805 2788 sara
834 2744 938 2799 quel
976 2743 1190 2800 collegio,
1222 2746 1308 2787 che
1331 2744 1497 2787 habbia
1534 2745 1642 2788 dare
1669 2745 1773 2799 quel

138 2823 433 2878 predicatore,
459 2824 620 2866 lettore
641 2822 687 2864 di
711 2821 961 2878 theologia,
995 2828 1083 2865 etc.
1111 2823 1168 2864 Et
1197 2822 1461 2874 realmente,
1496 2822 1659 2875 Padre,
1692 2837 1772 2864 ve-

143 2900 291 2943 dendo
312 2906 471 2954 questa
493 2899 757 2943 risolutione
778 2899 895 2942 della
920 2900 972 2941 P.
1002 2899 1080 2951 V.,
1106 2898 1292 2942 intendo
1329 2900 1416 2942 che
1451 2897 1568 2941 dista
1590 2912 1706 2954 poco
1728 2888 1773 2938 di

143 2976 291 3030 quello
313 2978 385 3018 ch'
405 2976 447 3018 io
470 2977 689 3032 pretendo
726 2976 821 3020 dire
851 2975 896 3018 in
921 2982 1045 3020 tante
1067 2976 1235 3032 parole.
1264 2977 1438 3019 Perche
1476 2975 1511 3018 si
1550 2981 1706 3017 consta
1729 2974 1773 3015 di

148 3059 306 3107 questo
329 3052 485 3095 ordine
506 3060 551 3095 et
574 3052 850 3109 obligatione
872 3054 956 3098 che
977 3054 1036 3096 ha
1058 3054 1114 3096 da
1138 3053 1231 3097 fare
1253 3055 1295 3096 la
1327 3055 1380 3098 P.
1412 3054 1490 3109 V.,
1515 3066 1627 3109 poco
1655 3051 1695 3094 ci
1717 3066 1774 3093 va
