2141 3358
356 203 427 229 XVI
786 191 1041 225 PROOEMIUM
1067 195 1208 222 TERTII
1233 195 1463 225 VOLUMINIS

311 312 402 341 non
424 295 582 347 labori,
609 308 701 336 non
723 291 962 335 itineribus
984 304 1193 346 parcens,
1227 306 1252 334 a
1283 290 1355 334 die
1391 292 1415 333 8
1450 290 1622 347 Aprilis
1661 292 1773 345 1566
1805 293 1862 335 ad
1895 304 1952 335 20

301 381 411 438 Julii
435 380 638 435 ejusdem
662 375 768 419 anni
777 389 786 428 ;
813 382 857 419 et
880 373 1044 418 deinde
1069 375 1186 431 (post
1209 375 1426 418 Austriae
1448 374 1794 431 inspectionem)
1820 390 1845 418 a
1875 375 1948 420 die

309 480 332 521 3
358 463 572 509 Octobris
597 475 739 515 usque
764 460 821 501 ad
844 459 981 502 finem
1004 459 1276 503 Novembris
1314 461 1440 514 1566.
1475 461 1566 504 Sex
1595 459 1737 515 igitur
1766 474 1947 503 menses

306 547 523 604 impendit
546 546 591 587 in
615 542 890 588 Germaniae
912 541 1118 598 collegiis
1148 543 1493 598 perlustrandis,
1525 543 1692 599 quibus
1720 542 1944 598 septimus

309 630 411 673 addi
448 634 598 683 potest
636 626 691 669 ab
732 624 860 666 initio
889 638 951 666 sc.
994 623 1147 666 Martii
1178 625 1234 666 ad
1266 625 1435 680 primos
1472 625 1642 681 Aprilis
1680 625 1798 676 dies;
1839 641 1961 672 nam*

305 713 388 758 etsi
417 727 471 755 eo
500 718 700 765 tempore
728 707 925 763 negotiis
961 707 1247 763 potissimum
1271 709 1515 764 augustani
1539 717 1792 752 conventus
1814 709 1945 752 disti-

304 803 503 847 neretur,
529 794 671 836 multa
694 792 789 846 jam
820 797 930 833 tunc
958 805 1063 833 cum
1093 792 1456 835 moderatoribus
1484 792 1768 849 provinciae,
1803 794 1946 836 multa

303 896 405 924 cum
445 877 630 934 Borgia,
672 877 728 919 de
767 877 903 918 rebus
940 881 986 918 et
1024 874 1229 930 personis
1260 875 1538 919 Germaniae
1572 876 1767 919 contulit
1785 877 1943 933 (5—62J.

305 963 542 1019 Expetitus
572 961 714 1003 multo
744 966 876 1002 antea
904 974 930 1001 a
963 957 1179 1000 Patribus
1211 959 1444 1014 germanis
1481 967 1526 1002 et
1559 975 1583 1002 a
1621 959 1838 1002 cardinali
1866 975 1943 1002 au·

303 1055 499 1104 gustano
537 1046 708 1088 Ottone
737 1044 990 1085 Truchsess
1029 1044 1087 1098 (2,
1124 1042 1366 1098 845-850),
1404 1043 1540 1086 alacri
1579 1043 1753 1086 Natalis
1790 1043 1942 1086 animo

304 1133 389 1173 iter
417 1128 688 1174 Germaniae
717 1125 925 1182 arripuit,
958 1133 1003 1169 et
1033 1125 1224 1178 fortiter,
1259 1126 1376 1169 inter
1397 1126 1540 1179 nives,
1567 1126 1747 1182 pluvias
1776 1135 1821 1171 et
1858 1142 1936 1183 pe-

303 1214 462 1265 ricula,
503 1210 698 1254 confecit
743 1209 926 1266 (15-18).
966 1208 1177 1263 Cumque
1213 1209 1383 1251 bellum
1412 1209 1635 1252 turcicum
1664 1209 1935 1264 immineret,

303 1299 348 1340 in
378 1298 487 1339 illud
510 1294 731 1352 proficisci
762 1300 963 1349 exoptat,
991 1300 1040 1335 ut
1072 1292 1290 1336 militibus
1317 1293 1521 1336 subsidia
1559 1294 1793 1350 religionis
1828 1309 1940 1337 con—

305 1383 419 1424 ferre
456 1380 624 1432 valeat3
666 1379 745 1421 sed
783 1377 1015 1420 dissuadet
1050 1376 1094 1418 id
1140 1376 1375 1429 Canisius,
1422 1384 1468 1420 et
1511 1378 1680 1434 Borgia
1716 1378 1939 1421 utiliorem

303 1479 483 1521 operam
513 1463 558 1505 in
589 1461 793 1517 collegiis
823 1459 1099 1504 Germaniae
1136 1459 1386 1504 invisendis
1425 1461 1682 1517 positurum
1713 1461 1941 1505 existimat

304 1551 391 1606 (19,
419 1560 489 1602 34,
517 1547 587 1600 56,
615 1546 700 1601 70).
727 1543 966 1588 Scribendi
996 1542 1295 1587 ministerium
1329 1558 1410 1599 pro
1437 1544 1555 1586 virili
1585 1546 1710 1589 fovet
1740 1546 1827 1601 (21,
1865 1556 1936 1599 25,

304 1633 375 1683 26,
417 1643 486 1685 37,
528 1643 599 1684 43,
642 1641 712 1683 73,
756 1629 857 1680 821,
900 1628 1017 1681 822).
1061 1626 1449 1683 Augustinianam
1484 1629 1834 1681 confessionem,
1862 1643 1937 1690 or—

305 1715 500 1757 thodoxo
538 1714 709 1755 calamo
749 1711 980 1767 scriptam,
1015 1717 1302 1767 augustanae
1331 1711 1606 1756 confessioni
1639 1713 1806 1769 opponi
1834 1691 1963 1768 pro-.

302 1801 377 1841 bat
402 1798 501 1854 (21).
529 1799 578 1839 In
602 1795 879 1840 Kemnitium
901 1795 1040 1837 libros
1064 1795 1374 1851 apologeticos
1397 1811 1423 1839 a
1447 1796 1588 1839 Paiva
1610 1796 1745 1840 scribi
1768 1797 1935 1853 satagit

303 1883 389 1938 (84,
436 1894 531 1935 123,
575 1881 674 1934 356,
716 1890 823 1933 357,
864 1879 981 1933 435).
1025 1878 1200 1922 Libello
1242 1879 1419 1922 comitis
1462 1880 1648 1935 palatini
1686 1895 1712 1923 a
1751 1880 1935 1924 Canisio

302 1963 561 2020 responderi
584 1970 712 2005 curat
736 1965 822 2018 (72,
845 1973 869 2015 7
876 1962 931 2017 3).
960 1963 1034 2004 Ab
1054 1962 1341 2018 imperatrice
1358 1962 1568 2018 primum,
1594 1963 1699 2007 dein
1717 1964 1774 2006 ab
1792 1963 1936 2019 impe-

301 2054 448 2090 ratore
472 2046 658 2089 comiter
681 2052 914 2100 exceptus,
939 2044 1119 2087 illorum
1143 2059 1254 2101 erga
1277 2045 1553 2090 Societatem
1572 2041 1935 2090 benevolentiam

303 2129 521 2174 demereri
545 2130 696 2172 studet
722 2129 732 2185 (
738 2140 807 2181 27,
836 2140 907 2182 37,
935 2141 1005 2185 39,
1033 2128 1120 2186 49).
1149 2128 1424 2173 Germaniae
1447 2129 1800 2181 amantissimas,
1823 2130 1936 2186 opti-

302 2213 385 2256 mis
406 2212 527 2255 illam
550 2211 763 2267 operariis
786 2218 830 2253 et
853 2210 1151 2267 scriptoribus
1173 2212 1319 2255 dotari
1342 2212 1473 2256 enixe
1502 2214 1702 2268 postulat
1736 2215 1824 2270 (32,
1859 2228 1930 2269 33,

301 2309 374 2350 42,
402 2306 472 2350 51,
505 2305 600 2348 155,
628 2306 728 2345 201,
756 2295 856 2345 216,
882 2294 999 2348 eto).
1025 2296 1228 2351 Juvenes
1251 2301 1379 2351 aptos
1401 2296 1458 2338 ad
1476 2295 1753 2340 Societatem
1773 2311 1932 2352 quarnw

301 2380 452 2435 plures
477 2376 652 2419 admitti
674 2378 872 2432 exoptat,
898 2384 942 2420 et
967 2389 1021 2432 50
1045 2379 1251 2422 alumnos
1275 2393 1517 2435 germanos
1540 2381 1710 2423 Romae
1733 2395 1759 2424 a
1781 2381 1932 2437 ponti-

300 2462 385 2505 fice
419 2459 659 2504 sustentari
698 2460 821 2514 cupit
858 2461 989 2516 l1381.
1022 2461 1310 2505 Novitiorum
1347 2463 1501 2505 domui
1545 2463 1930 2508 contributionem

300 2544 493 2600 collegia
515 2543 710 2599 pendere
734 2550 863 2585 curat
894 2544 1010 2599 (332,
1044 2546 1144 2598 782,
1179 2545 1294 2602 783).
1323 2548 1414 2589 Pro
1441 2547 1634 2603 collegio
1657 2562 1844 2591 romano
1866 2549 1933 2591 la—

299 2630 429 2671 borat
459 2627 591 2683 (193).
624 2627 847 2668 Votorum
883 2625 1151 2682 simplicium
1181 2629 1420 2673 Societatis
1448 2630 1709 2674 firmitatem
1732 2631 1934 2675 defendit

301 2711 433 2768 (194).
467 2707 700 2752 Canisium
732 2708 869 2750 sacris
898 2710 1260 2764 expeditionibus
1297 2712 1600 2767 liberandum,
1646 2714 1783 2769 idque
1821 2728 1936 2769 pon-

301 2793 410 2836 tifici
443 2805 630 2834 romano
667 2791 949 2834 suadendum
978 2800 1106 2847 putat
1145 2796 1267 2850 (133,
1306 2806 1403 2850 135,
1436 2796 1559 2852 etc.).
1592 2798 1714 2852 Erga
1742 2797 1936 2839 Germa.

300 2876 419 2919 niam
443 2888 618 2917 summa
639 2872 922 2928 benignitate
946 2877 1165 2918 utendum
1194 2885 1367 2933 censet,
1393 2879 1529 2935 idque
1552 2879 1683 2923 enixe
1707 2880 1755 2923 S.
1783 2879 1867 2922 Pio
1891 2880 1932 2923 V

298 2958 641 3016 proponendum
664 2956 843 3011 saepius
866 2956 1061 3000 inculcat
1084 2958 1128 3001 in
1154 2960 1246 3003 suis
1270 2962 1471 3018 epistolis
1494 2962 1690 3018 Borgiae
1713 2962 1846 3015 datis,
1873 2977 1928 3006 ex
