2101 3348
789 220 831 255 16
859 218 958 263 MAJJ
988 218 1076 265 1566
1632 227 1699 269 129¹

113 315 269 360 rimeto
291 332 317 360 a
339 318 488 373 quello
506 321 590 363 che
613 320 688 378 gia
710 323 747 364 s’
772 322 797 365 e
815 321 971 366 scritto
988 337 1050 366 un
1068 324 1181 369 altra
1197 325 1319 369 uolta
1336 324 1456 368 circa
1479 325 1521 368 la
1543 340 1626 368 sua
1649 332 1743 368 tor-

114 400 217 437 nata
234 394 279 437 in
298 395 439 449 Italia,
460 404 506 440 et
522 412 600 454 per
618 406 777 455 questa
795 407 912 444 state
929 400 975 443 in
994 401 1178 455 Milano,
1198 402 1331 459 dopoi
1350 405 1481 447 uerra
1503 419 1528 447 a
1547 405 1689 447 Roma
1713 405 1740 456 ¹,

116 479 160 516 et
183 473 274 515 cosi
297 487 386 515 non
410 473 438 515 li
462 476 678 519 accadera
701 477 813 520 altra
841 477 1033 533 risposta
1061 479 1342 535 parficolare,
1368 496 1447 537 per
1476 496 1566 524 non
1589 480 1741 523 multi-

116 549 253 607 plicar
274 550 448 595 lettere.
475 554 595 596 Uero
617 554 641 596 e
664 556 747 597 che
769 554 812 598 io
834 555 1043 600 desidero
1072 557 1210 600 molto
1242 558 1386 601 aiutar
1414 559 1456 601 13
1479 558 1740 610 Germania,

117 633 161 670 et
183 627 275 670 cosi
303 635 397 670 uoa
426 630 637 674 uodando
668 632 710 673 13
734 633 847 675 'casa
874 631 919 674 di
950 633 1216 688 probatione
1246 634 1289 677 di
1322 637 1480 688 Roma,
1507 650 1586 692 per
1618 642 1746 692 poter

116 712 311 748 accettar
333 706 410 762 pisi
432 707 592 763 nouitij
612 708 657 750 di
681 709 834 764 quelli,
856 710 939 752 che
957 711 1013 753 V.
1037 712 1091 754 R.
1111 711 1271 756 diceua
1290 713 1413 755 uoler
1430 714 1659 757 mandare.
1682 714 1746 756 La

115 783 276 826 facolta
297 784 382 827 che
404 784 498 828 Sua
520 785 697 829 Santita
719 799 936 831 concesse
957 802 983 830 a
1005 789 1062 831 V.
1089 789 1143 831 R.
1169 789 1226 831 de
1247 789 1408 845 legger
1429 790 1528 832 libri
1558 790 1746 834 heretici

114 867 158 904 et
179 859 224 903 di
245 861 551 905 communicar
574 864 631 906 ad
653 863 754 907 altri
776 864 819 908 la
841 864 1087 908 medesima
1108 865 1306 918 licentia,
1327 866 1370 909 io
1393 881 1482 910 non
1507 869 1746 923 prettendo

114 938 159 981 in
182 939 314 982 modo
337 939 500 983 alcuno
523 940 831 998 restringerla:
858 943 910 986 V.
937 944 986 986 R.
1013 943 1226 998 adunque
1255 946 1383 999 potra
1405 958 1510 986 usar
1531 944 1575 985 di
1598 945 1747 999 quella

113 1016 421 1070 liberamente,
452 1019 651 1062 secondo
682 1021 767 1063 che
799 1019 829 1062 li
867 1020 915 1062 fu
954 1035 1169 1064 concessa
1202 1022 1233 1063 ⁵².
1261 1020 1394 1064 Circa
1426 1021 1455 1063 il
1488 1021 1686 1065 scriuere
1720 1037 1744 1064 a

116 1096 257 1138 Roma
280 1109 306 1138 o
330 1110 420 1138 non
444 1095 677 1140 scriuereb
700 1097 861 1141 alcune
883 1112 1010 1151 cose,
1037 1105 1082 1142 et
1111 1098 1231 1154 quali
1253 1098 1479 1141 debbiano
1502 1113 1675 1150 essere,
1703 1098 1746 1140 io

118 1172 178 1215 mi
206 1171 386 1217 rimetto
415 1174 456 1216 al
484 1189 614 1231 parer
641 1174 686 1217 di
710 1176 766 1219 V.
800 1177 854 1219 R.
887 1176 921 1218 Il
952 1178 1007 1220 Ρ.
1040 1175 1260 1219 Ximenez
1288 1176 1473 1234 hanerei
1502 1176 1579 1233 pisi
1611 1178 1748 1218 charo

119 1265 208 1294 non
230 1249 410 1294 hauessi
432 1251 626 1309 bisogno
648 1253 754 1296 dell’
779 1268 924 1309 acqua
945 1253 990 1296 di
1007 1253 1148 1310 Lieja;
1169 1269 1218 1299 se
1235 1269 1320 1311 pur
1341 1269 1399 1297 ne
1417 1256 1600 1306 hauera,
1623 1256 1750 1310 potra

118 1328 372 1373 aiutarsene
394 1329 439 1372 di
461 1331 631 1385 quella.
662 1331 723 1374 Al
746 1332 798 1374 P.
826 1333 1020 1375 Hermes
1048 1332 1228 1376 bastara
1257 1331 1325 1375 dir
1348 1334 1433 1376 che
1454 1334 1514 1375 ho
1542 1332 1749 1375 riceuuto

117 1421 199 1450 sua
221 1407 381 1451 lettera
401 1408 447 1450 di
470 1420 524 1462 27
548 1409 620 1452 del
642 1416 838 1466 passatO,
864 1417 909 1454 et
932 1409 1265 1454 rimettendomi
1288 1425 1314 1453 a
1337 1412 1393 1454 V.
1422 1412 1476 1453 R.
1504 1411 1622 1453 nelle
1645 1424 1750 1453 cose

116 1486 199 1529 che
220 1484 284 1527 lui
305 1485 470 1540 scriue,
497 1501 587 1530 non
609 1486 640 1529 li
662 1486 851 1530 scriuiro
879 1488 992 1531 letra
1013 1487 1297 1544 particulare,
1325 1503 1398 1531 ma
1430 1489 1517 1532 alle
1539 1502 1621 1531 sue
1645 1502 1745 1531 orae

117 1562 226 1606 tioni
247 1570 292 1606 et
313 1563 537 1620 sacrificij,
570 1564 759 1609 insieme
782 1580 867 1609 con
890 1566 1038 1623 quelle
1061 1565 1105 1609 di
1129 1568 1184 1610 V.
1213 1568 1266 1610 R.
1294 1573 1339 1609 et
1362 1567 1484 1622 degl’
1511 1566 1612 1609 altri
1645 1563 1752 1608 tutti

117 1641 173 1684 de
195 1655 326 1697 sopra
348 1641 581 1696 nominati,
608 1643 677 1687 col
701 1645 753 1687 P.
780 1644 1016 1688 Valdelino
1035 1651 1069 1698 0,
1096 1644 1236 1688 molto
1260 1644 1319 1687 mi
1343 1645 1660 1688 raccomando.
1693 1642 1752 1687 Di

119 1720 276 1773 Roma,
301 1719 331 1761 li
360 1720 411 1763 16
433 1720 477 1762 di
499 1720 687 1778 Maggio
716 1722 841 1776 1566.

209 1797 250 1840 8.
316 1798 455 1854 Estoy
483 1798 539 1842 de
567 1798 741 1855 partida
775 1814 882 1856 para
912 1800 1130 1854 Frascati,
1162 1815 1244 1858 por
1272 1800 1514 1844 descansar
1537 1814 1597 1843 vn
1620 1814 1749 1857 poco,

119 1890 226 1932 para
246 1879 342 1919 mas
365 1876 557 1920 trabaiar
579 1891 665 1920 con
687 1877 729 1922 el
752 1878 879 1921 fauor
902 1877 1071 1922 diuino:
1097 1894 1180 1921 ora
1196 1884 1285 1936 pro
1307 1892 1390 1932 me,
1408 1894 1436 1935 y
1455 1878 1637 1923 atienda
1654 1883 1679 1922 a
1697 1894 1751 1922 su

120 1953 262 1997 salud.
290 1954 343 1997 El
365 1955 643 2000 Mechoacan
661 1956 675 1977 ³
699 1957 812 1999 haze
834 1960 915 2000 303
932 1956 1204 2001 marauillas.
1227 1957 1384 2000 HeHas
1402 1957 1435 2010 ⁴,
1457 1960 1520 1999 tio
1539 1956 1749 2015 deJulio,

118 2044 168 2075 se
188 2031 436 2085 conuertio,
460 2047 490 2088 y
512 2033 553 2077 el
576 2034 700 2090 Papa
721 2049 747 2077 a
776 2033 873 2077 sido
895 2034 936 2078 el
960 2048 1049 2090 que
1070 2034 1113 2078 lo
1141 2034 1258 2087 hizo,
1285 2049 1464 2090 avnque
1487 2038 1512 2077 a
1535 2042 1746 2078 nosotros

118 2122 201 2150 nos
222 2113 347 2153 costo
363 2111 538 2154 buenos
555 2111 652 2154 dias
669 2111 726 2156 de
743 2111 940 2155 oracion.
964 2114 1072 2155 Esta
1090 2113 1155 2157 Su
1173 2111 1393 2157 Santidad
1411 2127 1520 2169 muy
1538 2119 1753 2156 contento

119 2185 249 2240 dello,
270 2202 298 2243 y
315 2187 551 2244 losjudios
568 2204 677 2246 muy
695 2190 982 2247 espantados.
1013 2191 1132 2233 Vale.
1154 2191 1224 2234 De
1243 2190 1299 2234 V.
1322 2191 1375 2234 R.
1402 2189 1553 2233 sieruo
1573 2206 1630 2235 en
1649 2190 1750 2242 X.⁰,

1223 2269 1258 2311 F
1263 2281 1512 2312 RANCISCO.

210 2342 452 2399 Inscriptio
475 2345 525 2387 in
548 2349 714 2402 quarta
729 2347 913 2403 pagina
930 2361 943 2389 .·
965 2344 995 2403 -1-
1017 2345 1076 2390 Al
1099 2345 1238 2389 molto
1262 2345 1375 2389 Rdo.
1403 2345 1447 2388 in
1479 2347 1564 2388 Χ.ο
1588 2334 1751 2398 Padre,

123 2419 152 2462 il
176 2422 227 2464 P.
254 2423 360 2465 Μ.το
386 2422 653 2467 Hieronimo
675 2425 853 2479 Natale,
881 2423 1083 2467 visitator
1105 2424 1222 2467 delle
1249 2430 1432 2479 quattro
1459 2423 1687 2480 prouintie
1709 2422 1753 2466 di

123 2499 373 2556 Alemagna
394 2501 511 2544 della
534 2501 816 2558 Compagnia
832 2501 1017 2560 diJesfl,
1036 2501 1084 2544 in
1101 2501 1343 2546 Monachio
1372 2501 1407 2544 d.
1430 2501 1575 2544 Manu
1600 2503 1658 2544 P.
1678 2501 1753 2558 Ji—

122 2590 298 2619 menez:
319 2576 348 2635 †
370 2578 428 2622 N.
457 2579 510 2621 Ρ.
537 2578 612 2622 alli
641 2579 692 2623 16
715 2579 771 2622 de
795 2578 1001 2637 Maggio.
1029 2581 1127 2623 R.ta
1154 2580 1406 2636 Vestigium
1430 2580 1594 2637 sigilli.

189 2721 209 2741 a
246 2713 331 2749 Hoc
355 2715 469 2751 verb.
503 2727 618 2763 supra
643 2727 751 2752 vers.
782 2716 929 2753 addidit
956 2717 1125 2752 libr.—b
1152 2716 1337 2764 Sequitur
1368 2715 1402 2753 Ze
1433 2716 1755 2752 obliteratum„-

120 2779 137 2800 0
157 2772 236 2818 Sic,
255 2785 323 2820 pro
349 2774 673 2811 Wendelino.-—d
689 2776 916 2812 Fernandez
934 2774 1090 2824 scripsit
1110 2775 1315 2824 Augusta,·
1339 2776 1424 2823 sed,
1448 2778 1521 2812 hoc
1547 2777 1667 2811 verbo
1690 2774 1754 2811 de-

121 2832 213 2878 leto,
231 2834 438 2879 augustani
455 2836 514 2879 (ut
531 2834 703 2880 videtur)
722 2836 933 2872 Monachio
951 2845 1066 2883 supra
1085 2835 1336 2882 scripserunt.

198 2937 205 2956 ¹
257 2935 357 2971 Vide
375 2936 495 2983 epist.
520 2936 603 2982 378,
623 2949 661 2973 n.
681 2948 722 2983 4.
1110 2941 1122 2960 ‘2
1174 2938 1273 2974 Vide
1292 2938 1412 2985 epist.
1436 2937 1516 2983 392.

196 2995 209 3015 ⁵
260 2995 449 3041 Quisnam
467 2997 540 3032 hoc
558 2997 716 3033 nomine
740 2997 997 3044 significetur,
1016 2998 1252 3044 ignoramus.

197 3055 212 3076 ‘⁴
260 3055 320 3089 De
338 3055 452 3102 hujus
466 3055 599 3102 judaei
617 3058 873 3093 conversione
898 3057 951 3093 cf.
978 3058 1242 3101 SACCHINUM,
1262 3058 1335 3092 loc.
1355 3057 1446 3102 cit.‚
1468 3056 1538 3092 lib.
1569 3054 1618 3100 ΙΙ,
1644 3069 1685 3092 n.
1710 3061 1729 3100 ξ’

268 3119 381 3149 Emsr.
402 3121 442 3149 P.
466 3121 599 3155 NADAL.
620 3128 698 3151 τοΜ.
722 3122 782 3152 111.
1596 3122 1613 3149 9
