2101 3348
325 195 338 222 1
347 186 391 222 28
836 184 973 218 prsr.
1002 181 1046 215 P.
1074 177 1346 224 NADAL-393

363 299 403 342 7.
469 287 555 331 Del
577 292 795 330 161101310
818 284 890 328 (161
914 285 966 326 P.
995 282 1132 325 Paolo
1155 282 1184 335 ¹,
1209 287 1254 324 et
1277 282 1421 323 anche
1438 280 1510 324 del
1528 280 1742 323 mandare
1765 295 1791 322 0
1813 294 1905 323 11011

273 366 484 408 111311(1316
514 364 557 405 111
587 361 777 405 Francia
804 360 833 403 il
863 362 999 403 Mtro.
1030 357 1282 402 Domenico
1305 358 1337 408 ²,
1364 357 1506 400 faccia
1527 357 1571 408 la
1599 358 1652 400 R.
1686 358 1743 400 V.
1775 370 1904 401 come

273 441 437 497 meglio
459 440 488 482 li
511 441 681 495 parera.
711 437 879 481 Poiche
901 436 948 478 in
971 443 1128 491 questa
1152 434 1188 477 si
1205 435 1249 477 fa
1267 435 1411 477 anche
1429 433 1621 490 risposta
1638 434 1723 477 3116
1740 434 1901 478 1611616

273 518 344 562 (161
364 520 415 560 Ρ.
442 515 639 568 Canisio,
665 514 762 557 diro
786 515 870 557 che
892 513 952 555 mi
975 511 1149 568 pareria
1166 512 1254 555 ben
1273 510 1595 567 representassi
1617 510 1681 553 lui
1698 518 1841 553 stesso
1860 511 1902 553 al

274 594 470 637 cardinal
493 592 676 636 Amulio
698 591 804 646 quel
825 593 910 635 che
931 590 993 632 mi
1014 589 1177 641 scriue,
1205 589 1261 633 de
1283 590 1367 632 che
1389 587 1507 632 saria
1523 589 1641 632 bene
1656 602 1747 631 non
1770 587 1807 630 si
1830 587 1900 630 in—

275 669 608 715 tromettessino
629 669 660 711 li
683 668 825 712 nostri
846 668 893 710 in
916 681 1019 711 cose
1041 665 1269 723 publiche,
1291 673 1336 710 et
1359 680 1407 709 se
1427 665 1472 708 di
1495 680 1584 721 qua
1606 665 1646 708 ci
1665 666 1787 709 fusse
1809 664 1901 707 dis-

275 763 401 803 pater
424 748 481 791 de
502 747 681 798 alcuno,
702 746 837 790 credo
859 758 1033 787 saremo
1051 757 1216 786 ancora
1233 742 1309 786 noi
1323 742 1472 795 intesi,
1499 749 1544 787 et
1563 743 1732 785 faremo
1749 742 1777 783 l’
1802 742 1902 784 uffi-

274 825 343 869 610
365 826 449 868 6116
472 823 696 867 conuiene
719 824 750 865 ⁵.
777 822 862 865 Del
885 820 1068 877 negotio
1091 819 1195 863 delli
1219 819 1481 872 coloniensi,
1509 819 1749 863 uederemo
1773 818 1817 860 ui
1841 818 1906 862 sia

273 902 632 945 raccomandato.
660 902 782 945 Uero
799 900 823 942 e
841 900 924 941 6116
942 912 1109 954 pareua
1125 912 1151 940 a
1168 897 1439 953 Monsignor
1456 898 1680 953 Gropero,
1707 903 1752 939 et
1769 896 1905 940 credo

273 981 302 1022 l’
333 981 392 1022 ha
414 977 586 1029 scritto,
619 978 702 1020 che
725 974 1012 1019 mandassino
1041 976 1209 1017 huomo
1231 973 1415 1030 proprio
1443 973 1488 1016 di
1518 974 1666 1029 quella
1695 973 1803 1016 61113
1825 988 1905 1029 per

274 1056 456 1099 uisitare
488 1056 582 1099 Sua
612 1053 801 1098 Santita.
830 1053 1025 1108 Quando
1053 1067 1145 1095 non
1173 1052 1216 1094 10
1244 1051 1482 1104 facessino,
1508 1066 1684 1095 saremo
1712 1051 1855 1107 parati
1878 1065 1903 1093 3

274 1134 341 1176 far
363 1132 408 1175 di
430 1147 519 1187 qua
541 1132 644 1187 quel
666 1133 750 1174 che
772 1137 974 1187 potremo
997 1130 1029 1172 ⁴.
1055 1130 1277 1185 Gasparo,
1303 1130 1386 1171 che
1415 1135 1545 1172 staua
1567 1128 1612 1171 in
1641 1127 1898 1181 Monachio,

276 1211 392 1253 uada
414 1209 459 1251 in
481 1210 603 1251 buon
624 1210 736 1250 11013
759 1223 784 1250 3
808 1208 872 1250 far
894 1207 908 1248 i
932 1206 1030 1249 satti
1053 1206 1168 1260 suoi;
1188 1214 1232 1249 61
1250 1205 1381 1249 simili
1398 1220 1604 1262 persone,
1625 1220 1753 1249 come
1771 1207 1796 1248 6
1812 1207 1900 1249 ben

276 1289 389 1329 fatto
417 1286 527 1329 darli
556 1284 760 1338 licencia,
792 1285 884 1327 cosi
916 1286 1061 1327 3116116
1099 1299 1204 1340 pare
1242 1283 1473 1339 spediente
1502 1299 1592 1327 non
1623 1283 1654 1325 li
1690 1284 1903 1326 mandare

277 1363 551 1419 exasperati,
584 1362 629 1404 in
663 1368 833 1417 quanto
871 1361 907 1404 si
945 1364 1092 1417 potra.
1125 1361 1211 1404 Del
1249 1363 1389 1406 Mtro.
1421 1361 1632 1404 Conrado
1656 1363 1670 1382 ·“’
1705 1361 1764 1402 1111
1797 1375 1905 1416 pare

277 1440 402 1483 siano
426 1439 564 1482 buoni
586 1439 616 1480 li
642 1438 779 1483 mezzi
803 1439 887 1481 che
910 1453 958 1482 se
980 1438 1010 1480 li
1032 1440 1274 1482 haueuano
1298 1453 1322 1481 3
1344 1453 1612 1495 proponere,
1638 1444 1683 1480 et
1706 1444 1905 1493 35116113κ

277 1532 401 1562 161110
424 1517 659 1560 intendere
682 1517 787 1571 qual
809 1531 962 1559 mezzo
984 1518 1153 1559 hauera
1175 1515 1377 1572 pigliato.
1403 1516 1488 1559 Del
1509 1518 1559 1559 P.
1582 1515 1818 1568 Ledesma,
1840 1513 1900 1556 mi

351 1634 357 1651 ¹
410 1630 615 1664 Hoffaeus.
640 1628 739 1664 Vide
759 1628 878 1675 epist.
902 1627 1042 1675 357,11.
1062 1639 1097 1673 4;
1118 1628 1201 1675 359,
1221 1641 1264 1664 n.
1287 1629 1322 1673 63
1343 1628 1427 1673 362,
1447 1641 1489 1663 n.
1514 1638 1549 1673 5;
1570 1633 1609 1663 61
1627 1626 1709 1673 391.

346 1693 359 1710 ·-’
410 1688 636 1731 Menginus.

345 1749 358 1768 3
408 1747 587 1783 Canisius
618 1747 796 1792 Borgiae,
829 1746 874 1782 23
899 1747 1026 1782 Martii
1054 1747 1156 1791 1566,
1180 1749 1277 1783 haec
1301 1747 1402 1782 inter
1431 1747 1505 1783 alia
1534 1747 1748 1782 retulitz...
1781 1746 1905 1792 «Eget

276 1807 375 1842 seria
401 1807 726 1853 consideratione,
752 1819 799 1841 an
826 1806 1033 1842 conueniat
1060 1807 1217 1853 nostris,
1237 1814 1279 1843 ut
1298 1819 1319 1842 a
1337 1807 1520 1854 pontifice
1540 1806 1654 1842 modo
1678 1806 1717 1841 in
1743 1806 1902 1842 Germa-

276 1867 379 1902 niam
395 1866 557 1910 extrusi,
573 1867 673 1901 sicut
691 1878 712 1901 a
727 1878 788 1901 me
803 1865 960 1913 factum,
978 1872 1050 1910 est,
1068 1867 1210 1913 passim
1225 1868 1490 1902 obambulent.
1507 1866 1596 1902 Scio
1611 1865 1784 1913 pontifici
1802 1877 1823 1900 a
1842 1877 1906 1900 no-

275 1926 335 1961 bis
355 1937 502 1960 summa
526 1925 673 1960 deberi:
701 1925 770 1960 sed
795 1925 889 1961 nihil
916 1925 1029 1960 uideo
1048 1926 1149 1973 quod
1173 1926 1410 1962 Societatem
1429 1930 1600 1961 nostram
1625 1937 1779 1961 omnem
1802 1924 1904 1971 apud

273 1995 478 2030 germanos
504 1984 665 2019 infamet
695 1996 739 2019 ac
764 1986 946 2020 obscuret
971 1986 1110 2031 magis,
1129 1985 1219 2020 dum
1239 1987 1440 2028 habemur,
1461 1986 1509 2020 ab
1541 1984 1743 2020 catholicis
1771 1984 1904 2030 etiarn,

274 2044 550 2089 exploratores,
571 2049 609 2078 61
629 2050 806 2090 putamur
825 2045 942 2079 rebus
961 2045 1126 2090 publicis
1146 2056 1215 2079 nos
1235 2045 1469 2091 immiscere,
1490 2051 1529 2079 et
1541 2056 1646 2091 -quae
1665 2049 1754 2079 sunt
1779 2043 1905 2079 humi-

272 2102 392 2138 litatis
408 2107 562 2136 nostrae
578 2102 741 2148 propria,
755 2102 967 2148 posteriore
982 2104 1125 2138 habere
1141 2104 1358 2149 loco,uelut
1372 2103 1437 2150 qui
1454 2114 1635 2149 praeesse
1651 2101 1773 2148 magis
1788 2114 1902 2149 quam

273 2161 457 2208 prodesse
473 2161 654 2196 uelimus.
683 2162 723 2196 P.
745 2162 894 2197 Natalis
914 2161 1058 2197 iudicat
1077 2162 1251 2198 odiosum
1272 2175 1428 2210 prorsus
1448 2168 1487 2198 et
1500 2162 1718 2209 provintiae
1734 2162 1905 2198 Societa-

271 2220 398 2267 tisque
430 2226 584 2256 nostrae
610 2222 725 2256 rebus
754 2221 1151 2257 incommodissimum
1170 2224 1241 2257 hoc
1271 2235 1396 2269 genus
1422 2224 1510 2258 6556
1541 2221 1756 2257 missionis.
1788 2222 1903 2267 Quod

271 2279 319 2314 ad
350 2291 410 2314 me
441 2285 605 2326 spectat,
637 2279 675 2314 in
707 2286 911 2327 utrumque
941 2292 1073 2315 casum
1093 2293 1154 2316 me
1185 2289 1360 2328 paratum
1391 2282 1564 2317 sentio.»
1591 2282 1648 2316 Ex
1668 2282 1798 2328 Epist.
1828 2280 1903 2316 Ca·

271 2339 384 2385 nisii,
403 2339 454 2383 II,
478 2339 544 2374 166
562 2341 656 2384 (72).

343 2399 357 2419 ⁴
408 2399 467 2433 De
485 2399 558 2433 hoc
577 2398 734 2443 negotio
753 2398 932 2433 Canisius
951 2400 1128 2444 Borgiae,
1149 2409 1192 2445 27
1212 2401 1384 2445 Januarii
1406 2400 1510 2447 1566,
1535 2402 1631 2437 11366
1657 2400 1843 2447 scripsitt.
1862 2427 1869 2435 .
1885 2427 1894 2435 .

273 2456 428 2492 «Unum
445 2455 530 2499 fuit,
553 2456 591 2491 in
610 2468 686 2503 quo
703 2457 763 2492 his
781 2458 1070 2493 coloniensibus
1089 2471 1165 2494 non
1184 2460 1290 2504 potui
1309 2460 1436 2495 facere
1456 2460 1568 2495 satis.
1597 2460 1792 2506 Scriptum
1818 2466 1900 2496 erat

272 2514 319 2550 ad
335 2515 434 2560 illos,
451 2515 643 2562 pontificis
659 2516 828 2561 nomine,
844 2517 1031 2563 quidquid
1046 2518 1118 2563 ipsi
1132 2519 1277 2553 Rornae
1293 2520 1567 2565 postulassent,
1586 2519 1624 2554 id
1639 2531 1726 2554 esse
1745 2530 1902 2555 conces-

272 2586 375 2609 sum.
400 2574 567 2610 Litteras
587 2586 679 2619 ergo
699 2581 820 2610 testes
845 2576 1109 2612 concessionis
1132 2577 1396 2623 requirebant,
1415 2590 1513 2625 quae
1539 2578 1571 2613 si
1596 2578 1764 2614 fuissent
1783 2579 1899 2614 etiam

273 2632 321 2668 ad
340 2645 495 2668 manum
515 2632 622 2677 mihi,
644 2634 771 2669 mirari
790 2639 969 2680 poterant
986 2635 1034 2670 de
1058 2646 1242 2671 concesso
1268 2642 1417 2671 tantum
1436 2637 1618 2679 triennio,
1643 2649 1731 2673 cum
1758 2638 1813 2674 illi
1839 2650 1904 2674 311·

273 2703 343 2727 1105
365 2701 407 2727 12
426 2692 674 2739 petivissent,
694 2693 742 2728 ad
760 2693 949 2729 beneficia
967 2695 1006 2730 in
1026 2701 1195 2730 mentem
1215 2695 1406 2741 pontificis
1425 2696 1677 2732 conferenda.
1703 2698 1786 2742 Ego
1811 2709 1902 2733 vero

273 2756 481 2787 contentus
502 2752 705 2798 magnifica
731 2753 1000 2799 promissione,
1025 2766 1139 2800 quam
1165 2754 1339 2800 pontifex
1364 2755 1403 2790 in
1423 2756 1502 2790 suis
1528 2756 1720 2802 expressit
1746 2757 1900 2802 litteris,

273 2810 355 2846 dixi
380 2822 440 2846 me
461 2817 499 2846 et
518 2817 669 2846 nostros
694 2811 861 2847 libenter
885 2812 1041 2848 daturos
1075 2825 1244 2860 operam,
1271 2820 1326 2859 ut,
1353 2814 1385 2849 si
1409 2814 1609 2860 negotium
1635 2815 1682 2850 ad
1711 2815 1903 2862 pontificis

274 2875 436 2905 mortem
455 2870 675 2906 confectum
695 2883 770 2907 non
790 2877 908 2917 esset,
928 2872 1030 2918 apud
1049 2884 1189 2908 novum
1209 2873 1312 2908 illius
1337 2885 1602 2909 successorem
1627 2886 1743 2910 631153
1768 2875 1903 2910 63(16111

274 2934 496 2974 urgeatur.»
516 2931 725 2979 Eanpist.
753 2930 923 2977 Canisii,
943 2932 993 2966 ΙΙ.

347 2989 361 3009 ⁵
412 2988 650 3034 Swagerius.
