2101 3348
312 227 377 263 108
824 224 960 259 EPIST.
987 222 1033 256 P.
1060 220 1210 254 NADAL
1224 217 1328 252 -386

261 329 383 373 tione
405 343 494 370 non
519 328 555 370 s'
581 327 605 369 e
629 332 788 380 potuto
813 324 920 366 fare:
947 336 1033 365 con
1055 322 1084 363 l’
1105 319 1331 362 ordinario
1349 318 1423 361 del
1440 317 1597 360 sabato
1619 323 1836 371 sequente
1852 315 1890 359 si

261 407 370 458 fara,
403 419 487 446 con
520 404 560 445 13
589 401 742 444 diuina
771 399 931 456 gratia.
964 397 1083 441 Nelli
1115 395 1232 439 santi
1260 393 1459 449 sacrifitij
1483 401 1529 436 et
1550 392 1741 436 orationi
1773 393 1890 437 della

263 485 314 526 Ρ.
341 482 397 524 V.
424 478 728 522 dimandiamo
750 476 858 519 tutti
886 475 1183 518 humilmente
1216 486 1365 515 essere
1403 470 1750 523 raccomandati,
1786 476 1831 514 et
1859 470 1889 512 il

259 557 403 601 simile
441 556 486 598 in
526 554 661 611 quelli
700 554 804 597 delli
844 552 994 604 Padri,
1027 550 1225 601 Mirone,
1267 549 1520 600 Euerardo,
1553 546 1750 600 Madrid,
1797 549 1887 590 Po-

259 635 389 677 lanco
411 641 501 676 etc.
535 631 660 675 Iddio
683 638 840 673 nostro
863 629 1059 686 Signore
1081 627 1122 670 ci
1145 626 1217 669 dia
1240 640 1322 669 sua
1344 624 1526 681 copiosa
1549 624 1695 681 gratia
1716 625 1774 667 da
1795 626 1889 667 fare

259 712 301 753 13
322 725 405 753 sua
426 708 681 752 santissima
703 709 898 751 volonta.
925 707 1089 749 Amen.
1117 706 1187 747 Da
1210 704 1440 759 Augusta,
1472 701 1545 745 alli
1576 713 1599 756 5
1630 701 1675 744 di
1705 700 1890 757 Maggio

266 788 390 842 1566.
417 778 487 830 ΒΕ
510 788 568 830 V.
596 789 648 829 Ρ.
675 799 809 830 seruo
833 798 890 827 en
912 785 1025 835 X.0,
1050 780 1059 786 ’

1343 862 1372 920 ἦ·
1403 864 1591 906 NADAL.
1627 861 1657 920 †

351 1019 475 1062 Hase
504 1024 524 1045 ²
552 1016 798 1072 responder
819 1016 956 1071 luego
987 1015 1028 1057 al
1057 1012 1260 1069 negotio,
1291 1025 1465 1068 porque
1492 1025 1549 1053 va
1577 1016 1674 1053 esta
1700 1016 1830 1066 posta
1862 1011 1891 1052 ¹.

262 1097 319 1139 V.
354 1098 428 1148 Ρ.,
460 1109 541 1150 por
572 1108 695 1136 amor
724 1094 797 1137 del
829 1092 991 1144 Sefior,
1022 1091 1188 1134 mande
1209 1089 1473 1146 responder‚
1503 1103 1534 1144 y
1562 1087 1691 1130 todas
1713 1088 1894 1130 chartas

261 1176 373 1216 mias
399 1173 436 1225 ι);
463 1185 550 1227 que
572 1186 632 1214 no
656 1173 713 1214 he
735 1169 970 1215 rescebido
993 1175 1243 1225 respuesta,
1276 1167 1375 1210 sino
1403 1170 1429 1209 3
1456 1166 1522 1209 las
1550 1164 1766 1221 primeras
1797 1177 1838 1219 3,
1863 1179 1893 1220 y

263 1249 581 1305 specialmente
604 1249 675 1292 del
699 1247 890 1303 collegio
913 1247 970 1291 de
1000 1247 1180 1298 Plozca,
1214 1245 1452 1296 Ormuths,
1484 1242 1631 1299 Spira,
1668 1241 1727 1301 [y]
1758 1242 1893 1285 sobre

260 1328 303 1369 10
326 1327 382 1371 de
404 1327 574 1382 Ispruc;
599 1339 771 1382 porque
794 1338 980 1380 patesce
1001 1338 1090 1379 que
1112 1325 1202 1378 hay
1219 1321 1383 1365 diuisio
1405 1321 1420 1341 ²
1444 1335 1500 1365 en
1518 1321 1585 1363 las
1609 1333 1633 1374 3
1657 1320 1689 1371 ³,
1715 1334 1744 1374 y
1766 1326 1893 1362 entre

261 1404 321 1448 H.
347 1418 376 1459 y
398 1405 456 1446 D.
482 1404 497 1423 ‘⁴
521 1419 548 1459 y
568 1404 710 1446 eadau
729 1415 831 1446 crec
849 1403 893 1444 fa
909 1402 953 1444 10
976 1416 1065 1456 que
1086 1407 1164 1456 pot
1187 1414 1267 1455 per
1289 1398 1520 1442 confessar
1542 1401 1568 1439 3
1585 1403 1702 1440 totes
1727 1409 1768 1451 3,
1793 1403 1884 1439 etc.

260 1482 392 1523 Mtro.
436 1481 577 1523 Paulo
617 1481 631 1501 ⁵
669 1494 728 1522 no
766 1480 840 1522 vol
869 1493 941 1523 ser
968 1485 1133 1529 rector,
1164 1492 1193 1533 y
1223 1479 1280 1520 P.
1318 1474 1558 1519 Dominico
1585 1475 1599 1496 ⁶
1629 1474 1704 1516 vol
1735 1487 1843 1516 anar
1871 1476 1897 1514 ἐι

260 1558 295 1600 F
298 1572 454 1612 ranca:
480 1572 509 1612 y
533 1564 621 1600 tots
643 1564 735 1599 ests
758 1564 895 1612 punts
918 1570 1001 1598 son
1029 1554 1208 1597 dificils.

349 1634 593 1689 Inscriplio
616 1634 665 1676 in
688 1636 854 1689 quarta
871 1633 1069 1689 pagiua:
1086 1633 1219 1689 Jhus.
1246 1631 1307 1673 Al
1337 1630 1476 1672 molto
1499 1629 1614 1672 Rdo.
1642 1627 1789 1671 Padre
1811 1641 1896 1669 no-

260 1718 353 1753 stro
381 1710 427 1752 in
456 1710 637 1753 Christo
669 1711 699 1752 il
729 1712 781 1753 Ρ.
819 1711 1073 1754 Francesco
1105 1710 1160 1752 de
1191 1707 1376 1764 Borgia,
1416 1705 1646 1763 preposito
1683 1704 1895 1765 generale

260 1785 392 1844 [della
409 1787 706 1844 Compagnia]
726 1778 782 1830 de
793 1788 904 1844 Jesu
922 1793 1029 1838 etc.,
1051 1801 1077 1828 3
1097 1787 1252 1829 Roma.
1273 1785 1380 1827 Alia
1400 1797 1559 1826 manu:
1579 1782 1725 1838 [1566]
1757 1787 1775 1808 ⁰
1794 1781 1894 1824 Au—

260 1872 409 1919 gusta.
439 1866 489 1907 Ρ.
517 1865 692 1908 Natale.
722 1875 744 1918 5
769 1863 814 1906 di
838 1863 1043 1919 Maggio.
1076 1863 1130 1906 C.
1166 1863 1419 1918 Vestigium
1442 1861 1605 1917 sigilli.

333 2007 353 2027 a
391 2001 476 2035 Hoc
495 2001 607 2035 verb.
633 2006 672 2034 et
690 2012 803 2047 seqq.
815 2028 824 2045 ,
845 2011 967 2046 usque
987 1999 1035 2034 ad
1053 1999 1170 2034 finem
1187 1999 1393 2045 epistolae,
1408 2003 1498 2033 sunt
1513 1995 1663 2032 Natalis
1678 2007 1794 2030 manu
1808 1993 1899 2029 scri-

262 2065 345 2106 pta.
358 2061 420 2086 -b
438 2059 502 2094 Sic
517 2060 555 2094 in
570 2061 822 2106 autographo;
838 2059 907 2094 sed
922 2059 1193 2094 desiderantur
1209 2059 1336 2105 aliqua
1350 2059 1485 2103 verba,
1502 2060 1545 2092 ut
1555 2054 1694 2092 sensus
1709 2055 1902 2100 complea-

261 2125 338 2164 tur,
357 2131 394 2153 ν.
414 2130 458 2164 g.
483 2121 697 2165 responder
715 2122 739 2154 ά
754 2122 837 2154 esta
851 2131 876 2165 y
894 2121 919 2154 ά
938 2120 1051 2153 todas
1066 2120 1126 2153 las
1140 2120 1276 2154 dennis
1291 2121 1426 2154 cartas
1439 2119 1628 2152 naias—c
1649 2116 1683 2150 A
1698 2114 1786 2150 libri
1799 2125 1901 2148 com-

263 2178 433 2224 positore
452 2177 505 2213 ita
523 2179 654 2213 charta
679 2178 923 2224 agglutinata
941 2185 1017 2224 est,
1037 2184 1078 2212 ut
1098 2190 1236 2223 annus,
1258 2177 1312 2213 ibi
1331 2182 1552 2220 annotatus,
1571 2175 1651 2220 legi
1669 2178 1851 2221 nequeat.

338 2293 347 2313 ¹
399 2291 506 2325 Haec
525 2290 780 2336 intelligenda
799 2291 980 2326 videntur
996 2291 1044 2326 de
1060 2291 1233 2336 negotio,
1249 2290 1352 2337 quod
1367 2290 1405 2325 in
1421 2289 1540 2336 epist.
1565 2288 1648 2334 387,
1668 2300 1709 2323 n.
1734 2296 1766 2332 Ι,
1782 2286 1900 2321 refer—

262 2355 338 2395 tur,
358 2361 416 2385 sc.
441 2350 490 2384 de
510 2350 658 2384 Natalis
677 2350 816 2385 itinere
835 2350 1046 2385 ordinando
1066 2362 1132 2396 pro
1151 2350 1385 2386 Germaniae
1402 2348 1650 2384 lustratione.

334 2412 348 2431 “-’
399 2410 482 2444 Hoc
507 2410 683 2456 verbum,
706 2416 745 2444 et
769 2421 868 2457 quae
893 2415 1124 2456 sequuntur,
1145 2409 1399 2444 lemovicensi
1419 2419 1598 2443 sermone
1623 2406 1766 2453 scripta
1783 2410 1894 2441 sunt.

264 2468 364 2504 Vide
383 2468 485 2503 dicta
504 2468 543 2503 in
562 2469 681 2515 epist.
705 2468 789 2515 360,
808 2481 895 2504 cum
915 2475 1050 2504 annot.

333 2530 347 2549 ⁵
398 2528 571 2572 Scilicet,
591 2529 629 2563 in
654 2529 778 2564 tribus
803 2528 964 2574 reginis,
984 2528 1138 2563 filiabus
1158 2527 1393 2562 Ferdinandi
1412 2528 1444 2572 Ι,
1463 2538 1563 2573 quae
1584 2525 1808 2572 Oeniponte
1833 2524 1901 2559 de-

262 2589 427 2633 gebant.
746 2589 759 2609 4
810 2587 853 2622 Id
872 2593 945 2632 est,
966 2588 1132 2622 Hermes
1152 2587 1360 2632 Halpawer
1379 2591 1418 2620 et
1437 2586 1609 2631 Joannes
1628 2584 1800 2619 Dirsius.

336 2648 350 2669 ⁵
399 2646 602 2681 Hoffaeus.
747 2646 762 2667 ⁶
813 2646 1039 2692 Menginus.
