2101 3348
357 220 426 264 776
936 218 1074 254 Emsr.
1104 217 1147 251 P.
1178 217 1328 251 NADAL

309 319 494 374 aliquid,
521 332 637 374 quae
659 320 713 361 R.
741 320 794 361 P.
821 318 1026 361 visitator
1047 319 1104 360 de
1131 317 1268 360 huius
1290 316 1582 372 oenipontani
1603 315 1784 372 collegii
1807 316 1944 359 rebus

310 377 564 421 constituit.
581 378 768 421 Nullum
785 385 881 420 erat
899 377 1143 433 collegium
1161 376 1414 433 prouintiae
1427 383 1627 428 nostrae,
1642 376 1762 431 quod
1776 375 1944 419 maiore

309 437 489 493 quidem
510 437 766 480 uisitatione
784 451 836 479 ac
854 437 1187 488 reformatione,
1206 443 1301 478 tum
1319 435 1365 477 111
1379 435 1542 491 capite,
1558 443 1652 477 tum
1668 434 1714 476 in
1731 434 1945 477 membris

309 497 489 552 egebat.
517 498 673 551 Itaque
695 497 887 539 multum
909 500 1045 538 curae
1061 503 1106 538 et
1128 496 1293 539 laboris
1315 496 1462 538 bonus
1486 497 1620 537 Pater
1637 493 1870 549 impendit,
1893 498 1944 536 ut

308 555 546 599 renouatio
567 556 788 610 quaedam
812 556 950 598 totius
972 555 1151 611 collegii
1179 562 1428 621 appareret.
1461 556 1664 597 Mutatus
1686 560 1754 596 est
1776 561 1939 605 rector,

308 622 352 657 et
377 615 631 658 necessario
668 615 865 681 quidem,
893 622 942 656 ut
963 629 1051 670 ego
1080 614 1234 656 monui
1265 628 1415 669 saepe.
1443 615 1499 656 Et
1529 627 1633 655 cum
1661 612 1848 667 antiquo
1871 626 1944 654 re-

309 680 433 718 ctore
456 675 647 716 multum
670 674 841 730 negotii
865 674 966 728 fuit,
993 673 1069 729 qui
1092 688 1227 729 aegre
1247 675 1429 717 tandem
1457 673 1661 728 placatus
1689 679 1773 723 est,
1805 679 1850 714 et
1872 686 1946 715 se·

310 733 424 775 niori
449 733 634 789 reginae
663 733 820 775 donari
850 733 1020 776 debuit.
1055 735 1089 776 F
1094 733 1186 775 axit
1220 735 1362 785 Deus,
1388 738 1437 774 vt
1460 731 1640 787 quietus
1668 731 1742 774 ille
1768 737 1948 773 maneat

309 793 356 834 in
379 807 461 835 sua
483 792 737 845 vocatione,
770 807 918 848 neque
948 794 1103 835 turbas
1125 792 1292 836 excitet
1319 806 1463 834 nouas
1492 805 1612 834 nouo
1640 790 1818 833 rectori.
1852 791 1949 834 Sub

310 866 450 907 aegro
470 852 618 907 capite
637 852 837 896 membra
855 853 997 894 multa
1014 853 1312 907 languebant.
1340 850 1483 906 Igitur
1500 851 1718 905 quosdam
1737 864 1762 892 e
1785 848 1952 891 nostris

313 913 449 953 Pater
472 911 558 953 alio
588 911 723 965 misit,
757 918 806 953 ut
834 911 1000 954 rectius
1029 912 1266 962 haberent,
1298 910 1440 953 ethic
1469 908 1553 952 sibi
1576 909 1765 964 aliisque
1803 908 1953 951 minus

311 971 713 1013 incommodarent.
757 970 919 1014 Mutati
957 978 1063 1013 sunt
1091 969 1298 1012 nonnulli
1335 969 1650 1025 praeceptores
1665 1002 1674 1020 ,
1706 975 1750 1011 et
1789 966 1952 1010 retenti

313 1029 495 1085 quidam
526 1046 580 1073 ex
610 1029 757 1073 missis
786 1045 930 1085 nuper
957 1031 1012 1072 ab
1035 1031 1161 1081 vrbe,
1195 1037 1244 1072 ut
1260 1031 1462 1086 Joannes
1491 1029 1655 1084 anglus
1683 1035 1727 1070 et
1751 1028 1952 1084 Jacobus

312 1089 540 1145 spirensis.
563 1092 633 1132 De
655 1089 768 1141 aliis,
789 1104 904 1144 quae
922 1091 1166 1145 prudenter
1184 1090 1256 1132 uel
1273 1096 1461 1140 mutata,
1489 1089 1562 1130 uel
1578 1086 1784 1129 instituta
1806 1088 1949 1139 fuere,

314 1163 404 1190 non
428 1163 561 1203 agam
580 1148 626 1191 in
649 1149 806 1204 spetie.
836 1151 965 1192 Bona
987 1156 1054 1191 est
1077 1163 1179 1204 spes
1201 1150 1312 1201 fore,
1338 1155 1387 1190 vt
1409 1148 1652 1191 accedente
1670 1146 1778 1188 noui
1802 1152 1950 1188 recto-

316 1208 374 1249 ris
396 1207 646 1263 vigilantia,
669 1209 910 1263 collegium
934 1210 1020 1251 hoc
1044 1208 1171 1264 quasi
1194 1207 1472 1259 restituatur,
1493 1214 1538 1250 et
1560 1207 1616 1250 ad
1634 1205 1841 1248 amissam
1865 1206 1951 1249 So-

315 1266 490 1309 cietatis
508 1267 786 1322 disciplinam
804 1268 931 1311 breui
951 1275 1204 1310 reuocetur.
1227 1269 1333 1309 Huc
1352 1267 1611 1321 frequentes
1630 1265 1777 1308 Patris
1792 1266 1952 1307 exhor-

317 1326 509 1370 tationes
532 1334 577 1369 et
599 1327 794 1393 scriptae
818 1329 943 1383 leges
966 1328 1221 1377 conferunt,
1249 1327 1504 1380 bonamque
1526 1325 1712 1367 fratrum
1738 1325 1954 1366 uolunta—

318 1393 407 1427 tem
432 1394 649 1429 renouata
672 1386 717 1428 in
742 1387 937 1429 Domino
959 1396 1064 1429 vota
1082 1387 1364 1429 confirmant.
1395 1387 1549 1441 Quare
1566 1383 1746 1426 diuinae
1765 1382 1955 1425 bonitati

317 1445 486 1500 gratias
510 1445 705 1501 agimus,
732 1460 846 1500 quae
871 1446 967 1512 pio-s
990 1446 1233 1488 visitatoris
1257 1452 1446 1487 conatus
1468 1444 1530 1486 ita
1560 1444 1711 1486 felices
1741 1441 1952 1493 reddidit,

319 1511 368 1545 ut
392 1519 556 1559 magna
580 1521 633 1548 ex
658 1512 782 1559 parte
806 1506 949 1547 111110
932 1521 1026 1560 Jam
1045 1505 1240 1560 collegio
1259 1511 1547 1560 prospectum
1567 1517 1665 1546 esse
1688 1502 1952 1553 uideatur...

318 1565 440 1606 Inter
470 1564 555 1607 alia
586 1564 806 1606 iudicauit
837 1567 888 1607 P.
920 1565 1125 1607 visitator
1154 1564 1440 1619 sepeliendos
1468 1562 1597 1605 nobis
1628 1577 1727 1605 esse
1756 1568 1957 1603 mortuos

318 1623 477 1665 Patres
510 1637 563 1665 ac
595 1624 754 1666 fratres
783 1624 970 1679 perinde
993 1639 1044 1666 ac
1074 1626 1242 1667 Romae
1271 1623 1367 1666 fieri
1390 1623 1518 1665 solet.
1552 1623 1655 1676 Qua
1684 1621 1729 1662 in
1754 1635 1800 1662 re
1823 1627 1952 1675 puta-

321 1697 422 1724 mus
445 1682 764 1725 remittendum
789 1698 887 1726 esse
910 1683 1093 1750 aliquid,
1120 1690 1186 1734 ut,
1212 1682 1347 1725 sicuti
1375 1682 1421 1723 in
1450 1680 1850 1724 constitutionibus
1874 1693 1956 1744 no-

318 1741 422 1784 stris
445 1749 513 1784 est
538 1742 798 1794 admissum,
825 1743 1063 1798 regionum
1092 1742 1299 1784 varietati
1327 1756 1409 1783 nos
1437 1741 1779 1783 accommodare
1811 1738 1955 1794 possi—

319 1815 434 1843 mus.
463 1803 565 1843 Non
589 1801 846 1845 uestiuntur
868 1804 989 1858 apud
1019 1817 1101 1844 nos
1123 1801 1303 1852 mortui,
1336 1816 1426 1842 non
1454 1801 1722 1843 deferuntur
1746 1799 1955 1841 ardentes

319 1861 549 1913 candelae,
571 1868 615 1903 et
634 1861 711 1903 ubi
729 1876 819 1903 non
837 1868 905 1904 est
923 1863 1139 1917 templum
1159 1860 1292 1903 nobis
1309 1875 1360 1902 ac
1377 1859 1686 1902 coemiterium
1706 1857 1952 1913 proprium,

319 1919 499 1961 difficile
522 1920 579 1962 sit
607 1936 659 1964 ea
688 1928 886 1972 cantare,
920 1935 1035 1977 quae
1064 1922 1236 1964 Romae
1264 1919 1405 1962 nostri
1436 1919 1556 1961 circa
1593 1919 1807 1960 feretrum
1837 1916 1957 1972 psal-

320 1979 453 2021 lendo
477 1979 738 2034 expediunt.
782 1980 1013 2035 Quicquid
1051 1994 1160 2022 uero
1191 1982 1240 2022 P.
1279 1981 1332 2021 T.
1368 1978 1645 2034 probauerit,
1672 1991 1760 2019 non
1791 1975 1960 2032 poterit

321 2037 450 2080 nobis
475 2053 565 2081 non
589 2039 898 2095 gratissimum
923 2054 1057 2083 esse..

1059 2152 1232 2194 XXVII

826 2241 869 2276 Ρ.
898 2240 1235 2276 LAURENTIUS
1263 2238 1465 2275 MAGIUS

599 2331 857 2361 SANCTO
912 2331 1296 2361 FRANCISCO
1349 2331 1425 2359 DE
1474 2329 1683 2368 BORJA

707 2407 1023 2460 Vindobonae,
1048 2420 1102 2450 20
1121 2406 1390 2451 Novembris
1413 2406 1522 2460 1566
1546 2406 1572 2448 ¹.

608 2497 672 2530 Ad
689 2497 880 2541 synodum
895 2497 1189 2542 provincialem
1210 2495 1403 2530 Poloniae
1421 2497 1673 2530 convocatur.

416 2574 605 2623 Ρ610116,
633 2573 784 2645 doppo
808 2574 848 2615 le
873 2573 1027 2615 ultime
1050 2573 1153 2623 mie,
1187 2575 1246 2614 ho
1284 2572 1490 2615 riceuuto
1518 2572 1678 2613 lettere
1701 2569 1746 2611 di
1772 2567 1960 2611 Polonia

324 2632 399 2674 dal
426 2634 473 2674 P.
502 2632 781 2674 Francisco‘
791 2666 800 2685 ‚
827 2632 887 2673 mi
910 2634 933 2674 6
957 2646 1087 2686 parso
1115 2631 1373 2687 significare
1397 2631 1482 2673 alla
1507 2632 1558 2672 Ρ.
1587 2631 1644 2672 V.
1671 2630 1834 2671 alcuna
1856 2641 1963 2670 cosa

326 2691 373 2733 di
396 2692 559 2745 quelle.
583 2691 684 2746 Egli
707 2691 768 2732 mi
786 2691 933 2733 scriue
952 2693 1035 2732 che
1053 2706 1129 2745 per
1153 2691 1309 2734 ordine
1328 2690 1373 2731 di
1396 2691 1445 2733 S.
1473 2691 1567 2733 Sta.
1590 2688 1626 2730 si
1651 2690 1710 2731 'na
1732 2687 1775 2729 di
1802 2686 1928 2729 fare
1918 2701 1964 2727 111

330 2750 518 2793 Polonia
542 2765 631 2792 una
669 2750 827 2792 sinodo
861 2749 1136 2805 prouinciale
1166 2764 1190 2791 a
1221 2756 1382 2804 questo
1407 2749 1584 2800 Natale,
1611 2755 1655 2790 et
1679 2749 1765 2790 che
1788 2748 1812 2788 6
1840 2753 1964 2788 tanto

329 2809 590 2853 necessario
613 2811 685 2851 ch
712 2810 753 2852 io
778 2809 823 2850 ui
845 2810 977 2860 uada,
1004 2815 1174 2864 quanto
1197 2808 1219 2851 6
1239 2807 1496 2852 necessario
1515 2807 1544 2848 11
1563 2821 1678 2862 pane
1698 2821 1774 2861 per
1792 2806 1834 2847 la
1853 2804 1962 2856 uita,

404 2947 415 2966 ¹
465 2947 522 2981 Ex
545 2945 642 2981 Coal.=
662 2945 782 2992 29f),
804 2954 848 2991 59
867 2946 964 2990 (50).

400 3005 414 3025 ²
464 3005 695 3058 Franciscus
714 3005 848 3052 Sunye
867 3005 1038 3050 (Sunier,
1061 3004 1289 3048 Sunnerius,
1312 3009 1387 3039 ete.
1409 3003 1501 3039 alibi
1521 3002 1683 3047 dictus).
