<?xml version="1.0" encoding="UTF-8"?>
<!DOCTYPE html PUBLIC "-//W3C//DTD XHTML 1.0 Transitional//EN"
    "http://www.w3.org/TR/xhtml1/DTD/xhtml1-transitional.dtd">
<html xmlns="http://www.w3.org/1999/xhtml" xml:lang="en" lang="en">
 <head>
  <title>
</title>
<meta http-equiv="Content-Type" content="text/html;charset=utf-8" />
  <meta name='ocr-system' content='tesseract 3.04.00' />
  <meta name='ocr-capabilities' content='ocr_page ocr_carea ocr_par ocr_line ocrx_word'/>
</head>
<body>
  <div class='ocr_page' id='page_1' title='image "./epistolaephieron10nada/epistolaephieron10nada_0804.png"; bbox 0 0 2101 3348; ppageno 0'>
   <div class='ocr_carea' id='block_1_1' title="bbox 414 238 1384 285">
    <p class='ocr_par' dir='ltr' id='par_1_1' title="bbox 414 238 1384 285">
     <span class='ocr_line' id='line_1_1' title="bbox 414 238 1384 285; baseline -0.002 -10"><span class='ocrx_word' id='word_1_1' title='bbox 414 241 485 285; x_wconf 85' lang='lat'>766</span> <span class='ocrx_word' id='word_1_2' title='bbox 992 240 1131 273; x_wconf 80' lang='lat' dir='ltr'><strong>EPIST.</strong></span> <span class='ocrx_word' id='word_1_3' title='bbox 1160 238 1204 272; x_wconf 87' lang='lat' dir='ltr'>P.</span> <span class='ocrx_word' id='word_1_4' title='bbox 1234 238 1384 274; x_wconf 77' lang='lat' dir='ltr'><strong>NADAL</strong></span> 
     </span>
    </p>
   </div>
   <div class='ocr_carea' id='block_1_2' title="bbox 359 339 2005 1703">
    <p class='ocr_par' dir='ltr' id='par_1_2' title="bbox 359 339 2005 1703">
     <span class='ocr_line' id='line_1_2' title="bbox 367 339 2005 396; baseline 0.001 -13"><span class='ocrx_word' id='word_1_5' title='bbox 367 349 556 396; x_wconf 87' lang='lat' dir='ltr'>patrono</span> <span class='ocrx_word' id='word_1_6' title='bbox 592 340 918 393; x_wconf 82' lang='lat' dir='ltr'>difficultatem3</span> <span class='ocrx_word' id='word_1_7' title='bbox 952 340 1031 382; x_wconf 92' lang='lat' dir='ltr'>sed</span> <span class='ocrx_word' id='word_1_8' title='bbox 1064 340 1192 382; x_wconf 90' lang='lat' dir='ltr'>firma</span> <span class='ocrx_word' id='word_1_9' title='bbox 1224 346 1318 383; x_wconf 88' lang='lat' dir='ltr'>erat</span> <span class='ocrx_word' id='word_1_10' title='bbox 1342 339 1484 394; x_wconf 88' lang='lat' dir='ltr'>patris</span> <span class='ocrx_word' id='word_1_11' title='bbox 1506 339 1750 383; x_wconf 81' lang='lat' dir='ltr'>visitatoris</span> <span class='ocrx_word' id='word_1_12' title='bbox 1777 340 2005 385; x_wconf 77' lang='lat' dir='ltr'>sententia</span> 
     </span>
     <span class='ocr_line' id='line_1_3' title="bbox 366 398 2001 456; baseline 0.001 -14"><span class='ocrx_word' id='word_1_13' title='bbox 366 400 475 442; x_wconf 87' lang='lat' dir='ltr'>nihil</span> <span class='ocrx_word' id='word_1_14' title='bbox 498 415 597 443; x_wconf 90' lang='lat' dir='ltr'>esse</span> <span class='ocrx_word' id='word_1_15' title='bbox 616 415 640 442; x_wconf 87' lang='lat' dir='ltr'>a</span> <span class='ocrx_word' id='word_1_16' title='bbox 658 399 788 442; x_wconf 92' lang='lat' dir='ltr'>nobis</span> <span class='ocrx_word' id='word_1_17' title='bbox 810 399 1169 450; x_wconf 90' lang='lat' dir='ltr'>concedendum,</span> <span class='ocrx_word' id='word_1_18' title='bbox 1196 400 1317 453; x_wconf 85' lang='lat' dir='ltr'>quod</span> <span class='ocrx_word' id='word_1_19' title='bbox 1334 413 1436 441; x_wconf 90' lang='lat' dir='ltr'>cum</span> <span class='ocrx_word' id='word_1_20' title='bbox 1455 398 1662 441; x_wconf 90' lang='lat' dir='ltr'>instituto</span> <span class='ocrx_word' id='word_1_21' title='bbox 1679 407 1833 443; x_wconf 85' lang='lat' dir='ltr'>nostro</span> <span class='ocrx_word' id='word_1_22' title='bbox 1851 400 2001 456; x_wconf 85' lang='lat' dir='ltr'>aliqua</span> 
     </span>
     <span class='ocr_line' id='line_1_4' title="bbox 364 458 1997 524; baseline -0.001 -22"><span class='ocrx_word' id='word_1_23' title='bbox 364 474 419 502; x_wconf 85' lang='lat' dir='ltr'>ex</span> <span class='ocrx_word' id='word_1_24' title='bbox 442 466 566 515; x_wconf 87' lang='lat' dir='ltr'>parte</span> <span class='ocrx_word' id='word_1_25' title='bbox 596 473 800 514; x_wconf 73' lang='lat' dir='ltr'>pugnare</span> <span class='ocrx_word' id='word_1_26' title='bbox 827 459 1071 511; x_wconf 87' lang='lat' dir='ltr'>videretur,</span> <span class='ocrx_word' id='word_1_27' title='bbox 1103 472 1217 513; x_wconf 86' lang='lat' dir='ltr'>quae</span> <span class='ocrx_word' id='word_1_28' title='bbox 1247 473 1318 502; x_wconf 89' lang='lat' dir='ltr'>res</span> <span class='ocrx_word' id='word_1_29' title='bbox 1346 472 1437 500; x_wconf 90' lang='lat' dir='ltr'>non</span> <span class='ocrx_word' id='word_1_30' title='bbox 1459 459 1606 501; x_wconf 84' lang='lat' dir='ltr'>levem</span> <span class='ocrx_word' id='word_1_31' title='bbox 1630 458 1870 524; x_wconf 81' lang='lat' dir='ltr'>aliquando</span> <span class='ocrx_word' id='word_1_32' title='bbox 1894 474 1997 503; x_wconf 80' lang='lat' dir='ltr'>ver-</span> 
     </span>
     <span class='ocr_line' id='line_1_5' title="bbox 363 516 1997 585; baseline 0.001 -26"><span class='ocrx_word' id='word_1_33' title='bbox 363 520 525 561; x_wconf 86' lang='lat' dir='ltr'>borum</span> <span class='ocrx_word' id='word_1_34' title='bbox 544 518 804 560; x_wconf 88' lang='lat' dir='ltr'>conflictum</span> <span class='ocrx_word' id='word_1_35' title='bbox 823 517 1054 561; x_wconf 78' lang='lat' dir='ltr'>excitauit.</span> <span class='ocrx_word' id='word_1_36' title='bbox 1077 518 1126 559; x_wconf 92' lang='lat' dir='ltr'>In</span> <span class='ocrx_word' id='word_1_37' title='bbox 1144 516 1256 568; x_wconf 86' lang='lat' dir='ltr'>aliis,</span> <span class='ocrx_word' id='word_1_38' title='bbox 1272 531 1388 572; x_wconf 82' lang='lat' dir='ltr'>quae</span> <span class='ocrx_word' id='word_1_39' title='bbox 1405 532 1487 560; x_wconf 90' lang='lat' dir='ltr'>nos</span> <span class='ocrx_word' id='word_1_40' title='bbox 1497 533 1656 585; x_wconf 38' lang='lat' dir='ltr'>&#39;propri</span> <span class='ocrx_word' id='word_1_41' title='bbox 1644 532 1685 560; x_wconf 92' lang='lat' dir='ltr'>e</span> <span class='ocrx_word' id='word_1_42' title='bbox 1702 533 1793 560; x_wconf 91' lang='lat' dir='ltr'>non</span> <span class='ocrx_word' id='word_1_43' title='bbox 1809 532 1997 561; x_wconf 91' lang='lat' dir='ltr'>concer--</span> 
     </span>
     <span class='ocr_line' id='line_1_6' title="bbox 360 576 1996 633; baseline -0.001 -13"><span class='ocrx_word' id='word_1_44' title='bbox 360 579 546 629; x_wconf 78' lang='lat' dir='ltr'>nebant,</span> <span class='ocrx_word' id='word_1_45' title='bbox 567 577 948 629; x_wconf 64' lang='lat' dir='ltr'>indulgentiorem</span> <span class='ocrx_word' id='word_1_46' title='bbox 977 592 1024 620; x_wconf 90' lang='lat' dir='ltr'>se</span> <span class='ocrx_word' id='word_1_47' title='bbox 1057 576 1264 632; x_wconf 87' lang='lat' dir='ltr'>praebuit</span> <span class='ocrx_word' id='word_1_48' title='bbox 1298 578 1433 620; x_wconf 83' lang='lat' dir='ltr'>Pater</span> <span class='ocrx_word' id='word_1_49' title='bbox 1463 576 1683 629; x_wconf 87' lang='lat' dir='ltr'>visitator,</span> <span class='ocrx_word' id='word_1_50' title='bbox 1710 592 1767 620; x_wconf 93' lang='lat' dir='ltr'>ne</span> <span class='ocrx_word' id='word_1_51' title='bbox 1791 577 1996 633; x_wconf 78' lang='lat' dir='ltr'>germani</span> 
     </span>
     <span class='ocr_line' id='line_1_7' title="bbox 360 635 1995 693; baseline 0 -14"><span class='ocrx_word' id='word_1_52' title='bbox 360 637 573 693; x_wconf 86' lang='lat' dir='ltr'>principis</span> <span class='ocrx_word' id='word_1_53' title='bbox 595 637 823 679; x_wconf 80' lang='lat' dir='ltr'>infirmum</span> <span class='ocrx_word' id='word_1_54' title='bbox 852 637 1052 679; x_wconf 90' lang='lat' dir='ltr'>animum</span> <span class='ocrx_word' id='word_1_55' title='bbox 1077 636 1263 689; x_wconf 65' lang='lat' dir='ltr'>grauius</span> <span class='ocrx_word' id='word_1_56' title='bbox 1287 635 1524 691; x_wconf 76' lang='lat' dir='ltr'>affligeret.</span> <span class='ocrx_word' id='word_1_57' title='bbox 1560 638 1648 679; x_wconf 86' lang='lat' dir='ltr'>Res</span> <span class='ocrx_word' id='word_1_58' title='bbox 1681 636 1876 691; x_wconf 89' lang='lat' dir='ltr'>denique</span> <span class='ocrx_word' id='word_1_59' title='bbox 1898 644 1995 679; x_wconf 88' lang='lat' dir='ltr'>tota</span> 
     </span>
     <span class='ocr_line' id='line_1_8' title="bbox 359 695 1996 752; baseline 0.001 -14"><span class='ocrx_word' id='word_1_60' title='bbox 359 697 546 752; x_wconf 88' lang='lat' dir='ltr'>pacifice</span> <span class='ocrx_word' id='word_1_61' title='bbox 571 703 795 738; x_wconf 85' lang='lat' dir='ltr'>transacta</span> <span class='ocrx_word' id='word_1_62' title='bbox 818 696 1011 738; x_wconf 86' lang='lat' dir='ltr'>videtur.</span> <span class='ocrx_word' id='word_1_63' title='bbox 1046 696 1198 738; x_wconf 89' lang='lat' dir='ltr'>Habet</span> <span class='ocrx_word' id='word_1_64' title='bbox 1221 695 1516 738; x_wconf 81' lang='lat' dir='ltr'>nihilominus</span> <span class='ocrx_word' id='word_1_65' title='bbox 1539 697 1655 738; x_wconf 88' lang='lat' dir='ltr'>male</span> <span class='ocrx_word' id='word_1_66' title='bbox 1685 695 1890 738; x_wconf 88' lang='lat' dir='ltr'>nonnihil</span> <span class='ocrx_word' id='word_1_67' title='bbox 1914 710 1996 751; x_wconf 86' lang='lat' dir='ltr'>pa-</span> 
     </span>
     <span class='ocr_line' id='line_1_9' title="bbox 362 754 1997 810; baseline -0.001 -13"><span class='ocrx_word' id='word_1_68' title='bbox 362 763 559 807; x_wconf 87' lang='lat' dir='ltr'>tronum,</span> <span class='ocrx_word' id='word_1_69' title='bbox 586 763 634 797; x_wconf 88' lang='lat' dir='ltr'>vt</span> <span class='ocrx_word' id='word_1_70' title='bbox 662 755 856 806; x_wconf 82' lang='lat' dir='ltr'>videtur,</span> <span class='ocrx_word' id='word_1_71' title='bbox 889 755 1010 810; x_wconf 86' lang='lat' dir='ltr'>quod</span> <span class='ocrx_word' id='word_1_72' title='bbox 1046 769 1137 797; x_wconf 90' lang='lat' dir='ltr'>non</span> <span class='ocrx_word' id='word_1_73' title='bbox 1177 761 1242 796; x_wconf 92' lang='lat' dir='ltr'>tot</span> <span class='ocrx_word' id='word_1_74' title='bbox 1265 761 1309 797; x_wconf 88' lang='lat' dir='ltr'>et</span> <span class='ocrx_word' id='word_1_75' title='bbox 1348 761 1495 798; x_wconf 90' lang='lat' dir='ltr'>tantas</span> <span class='ocrx_word' id='word_1_76' title='bbox 1523 754 1568 796; x_wconf 88' lang='lat' dir='ltr'>in</span> <span class='ocrx_word' id='word_1_77' title='bbox 1605 755 1818 797; x_wconf 78' lang='lat' dir='ltr'>curandis</span> <span class='ocrx_word' id='word_1_78' title='bbox 1842 754 1997 810; x_wconf 88' lang='lat' dir='ltr'>templi</span> 
     </span>
     <span class='ocr_line' id='line_1_10' title="bbox 360 813 2000 870; baseline -0.002 -12"><span class='ocrx_word' id='word_1_79' title='bbox 360 814 661 866; x_wconf 82' lang='lat' dir='ltr'>caerimoniis,</span> <span class='ocrx_word' id='word_1_80' title='bbox 687 814 732 856; x_wconf 93' lang='lat' dir='ltr'>in</span> <span class='ocrx_word' id='word_1_81' title='bbox 755 815 903 857; x_wconf 89' lang='lat' dir='ltr'>dando</span> <span class='ocrx_word' id='word_1_82' title='bbox 932 813 1089 856; x_wconf 88' lang='lat' dir='ltr'>maiori</span> <span class='ocrx_word' id='word_1_83' title='bbox 1112 814 1416 869; x_wconf 80' lang='lat' dir='ltr'>professorum</span> <span class='ocrx_word' id='word_1_84' title='bbox 1444 829 1649 866; x_wconf 74' lang='lat' dir='ltr'>numero⁷</span> <span class='ocrx_word' id='word_1_85' title='bbox 1682 822 1788 866; x_wconf 84' lang='lat' dir='ltr'>etc.,</span> <span class='ocrx_word' id='word_1_86' title='bbox 1822 814 2000 870; x_wconf 81' lang='lat' dir='ltr'>obliga—</span> 
     </span>
     <span class='ocr_line' id='line_1_11' title="bbox 362 872 1997 929; baseline -0.001 -12"><span class='ocrx_word' id='word_1_87' title='bbox 362 875 507 917; x_wconf 84' lang='lat' dir='ltr'>tiones</span> <span class='ocrx_word' id='word_1_88' title='bbox 545 873 774 929; x_wconf 86' lang='lat' dir='ltr'>suscipere</span> <span class='ocrx_word' id='word_1_89' title='bbox 811 874 1005 917; x_wconf 84' lang='lat' dir='ltr'>voluerit</span> <span class='ocrx_word' id='word_1_90' title='bbox 1044 873 1262 917; x_wconf 77' lang='lat' dir='ltr'>Societas.</span> <span class='ocrx_word' id='word_1_91' title='bbox 1306 875 1469 916; x_wconf 89' lang='lat' dir='ltr'>Vtrum</span> <span class='ocrx_word' id='word_1_92' title='bbox 1513 872 1812 928; x_wconf 79' lang='lat' dir='ltr'>importabilia</span> <span class='ocrx_word' id='word_1_93' title='bbox 1851 880 1997 927; x_wconf 80' lang='lat' dir='ltr'>erant,</span> 
     </span>
     <span class='ocr_line' id='line_1_12' title="bbox 363 932 2000 989; baseline -0.001 -13"><span class='ocrx_word' id='word_1_94' title='bbox 363 949 478 989; x_wconf 90' lang='lat' dir='ltr'>quae</span> <span class='ocrx_word' id='word_1_95' title='bbox 500 933 732 988; x_wconf 83' lang='lat' dir='ltr'>imponere</span> <span class='ocrx_word' id='word_1_96' title='bbox 760 933 890 976; x_wconf 90' lang='lat' dir='ltr'>nobis</span> <span class='ocrx_word' id='word_1_97' title='bbox 920 934 1138 986; x_wconf 89' lang='lat' dir='ltr'>tentabat,</span> <span class='ocrx_word' id='word_1_98' title='bbox 1165 947 1318 985; x_wconf 82' lang='lat' dir='ltr'>onera,</span> <span class='ocrx_word' id='word_1_99' title='bbox 1344 947 1447 975; x_wconf 91' lang='lat' dir='ltr'>cum</span> <span class='ocrx_word' id='word_1_100' title='bbox 1471 939 1621 976; x_wconf 89' lang='lat' dir='ltr'>tamen</span> <span class='ocrx_word' id='word_1_101' title='bbox 1644 933 1700 975; x_wconf 93' lang='lat' dir='ltr'>de</span> <span class='ocrx_word' id='word_1_102' title='bbox 1729 933 1908 988; x_wconf 79' lang='lat' dir='ltr'>collegii</span> <span class='ocrx_word' id='word_1_103' title='bbox 1931 932 2000 974; x_wconf 93' lang='lat' dir='ltr'>di-</span> 
     </span>
     <span class='ocr_line' id='line_1_13' title="bbox 362 991 1995 1046; baseline -0.001 -11"><span class='ocrx_word' id='word_1_104' title='bbox 362 993 534 1036; x_wconf 89' lang='lat' dir='ltr'>midiati</span> <span class='ocrx_word' id='word_1_105' title='bbox 558 993 822 1035; x_wconf 88' lang='lat' dir='ltr'>fundatione</span> <span class='ocrx_word' id='word_1_106' title='bbox 846 1007 928 1035; x_wconf 89' lang='lat' dir='ltr'>nos</span> <span class='ocrx_word' id='word_1_107' title='bbox 951 999 1098 1036; x_wconf 89' lang='lat' dir='ltr'>certos</span> <span class='ocrx_word' id='word_1_108' title='bbox 1120 1007 1209 1035; x_wconf 92' lang='lat' dir='ltr'>non</span> <span class='ocrx_word' id='word_1_109' title='bbox 1234 993 1418 1046; x_wconf 85' lang='lat' dir='ltr'>faceret,</span> <span class='ocrx_word' id='word_1_110' title='bbox 1445 999 1490 1034; x_wconf 95' lang='lat' dir='ltr'>et</span> <span class='ocrx_word' id='word_1_111' title='bbox 1511 993 1668 1035; x_wconf 91' lang='lat' dir='ltr'>eadem</span> <span class='ocrx_word' id='word_1_112' title='bbox 1691 1007 1716 1034; x_wconf 91' lang='lat' dir='ltr'>a</span> <span class='ocrx_word' id='word_1_113' title='bbox 1745 991 1995 1044; x_wconf 83' lang='lat' dir='ltr'>dimidiato,</span> 
     </span>
     <span class='ocr_line' id='line_1_14' title="bbox 361 1051 1996 1108; baseline -0.001 -13"><span class='ocrx_word' id='word_1_114' title='bbox 361 1067 478 1107; x_wconf 84' lang='lat' dir='ltr'>quae</span> <span class='ocrx_word' id='word_1_115' title='bbox 501 1068 526 1095; x_wconf 92' lang='lat' dir='ltr'>a</span> <span class='ocrx_word' id='word_1_116' title='bbox 549 1053 680 1108; x_wconf 90' lang='lat' dir='ltr'>pleno</span> <span class='ocrx_word' id='word_1_117' title='bbox 718 1052 929 1108; x_wconf 81' lang='lat' dir='ltr'>collegio,</span> <span class='ocrx_word' id='word_1_118' title='bbox 971 1052 1243 1108; x_wconf 80' lang='lat' dir='ltr'>praestanda</span> <span class='ocrx_word' id='word_1_119' title='bbox 1275 1066 1373 1095; x_wconf 76' lang='lat' dir='ltr'>esse</span> <span class='ocrx_word' id='word_1_120' title='bbox 1411 1058 1672 1095; x_wconf 85' lang='lat' dir='ltr'>censeret...</span> <span class='ocrx_word' id='word_1_121' title='bbox 1706 1051 1996 1094; x_wconf 88' lang='lat' dir='ltr'>Nouitiorum</span> 
     </span>
     <span class='ocr_line' id='line_1_15' title="bbox 363 1110 1995 1167; baseline -0.001 -13"><span class='ocrx_word' id='word_1_122' title='bbox 363 1113 526 1154; x_wconf 86' lang='lat' dir='ltr'>domus</span> <span class='ocrx_word' id='word_1_123' title='bbox 544 1112 810 1167; x_wconf 76' lang='lat' dir='ltr'>mol[esti]ae</span> <span class='ocrx_word' id='word_1_124' title='bbox 828 1120 848 1138; x_wconf 65' lang='lat' dir='ltr'>a</span> <span class='ocrx_word' id='word_1_125' title='bbox 863 1111 1030 1166; x_wconf 82' lang='lat' dir='ltr'>aliquid</span> <span class='ocrx_word' id='word_1_126' title='bbox 1048 1111 1252 1167; x_wconf 74' lang='lat' dir='ltr'>collegiis</span> <span class='ocrx_word' id='word_1_127' title='bbox 1269 1111 1433 1154; x_wconf 89' lang='lat' dir='ltr'>nostris</span> <span class='ocrx_word' id='word_1_128' title='bbox 1452 1112 1608 1154; x_wconf 88' lang='lat' dir='ltr'>afferet</span> <span class='ocrx_word' id='word_1_129' title='bbox 1625 1123 1811 1166; x_wconf 86' lang='lat' dir='ltr'>propter</span> <span class='ocrx_word' id='word_1_130' title='bbox 1828 1110 1995 1153; x_wconf 85' lang='lat' dir='ltr'>contri—</span> 
     </span>
     <span class='ocr_line' id='line_1_16' title="bbox 363 1170 1995 1229; baseline 0 -17"><span class='ocrx_word' id='word_1_131' title='bbox 363 1171 575 1214; x_wconf 86' lang='lat' dir='ltr'>butiones</span> <span class='ocrx_word' id='word_1_132' title='bbox 598 1186 786 1215; x_wconf 88' lang='lat' dir='ltr'>annuas.</span> <span class='ocrx_word' id='word_1_133' title='bbox 814 1170 1090 1229; x_wconf 88' lang='lat' dir='ltr'>Ord[inaui]t</span> <span class='ocrx_word' id='word_1_134' title='bbox 1112 1171 1158 1212; x_wconf 91' lang='lat' dir='ltr'>in</span> <span class='ocrx_word' id='word_1_135' title='bbox 1180 1185 1279 1213; x_wconf 90' lang='lat' dir='ltr'>eam</span> <span class='ocrx_word' id='word_1_136' title='bbox 1309 1185 1401 1214; x_wconf 89' lang='lat' dir='ltr'>rem</span> <span class='ocrx_word' id='word_1_137' title='bbox 1435 1170 1603 1225; x_wconf 87' lang='lat' dir='ltr'>aliquid</span> <span class='ocrx_word' id='word_1_138' title='bbox 1627 1172 1678 1212; x_wconf 82' lang='lat' dir='ltr'>P.</span> <span class='ocrx_word' id='word_1_139' title='bbox 1701 1170 1891 1223; x_wconf 82' lang='lat' dir='ltr'>Natalis,</span> <span class='ocrx_word' id='word_1_140' title='bbox 1917 1171 1995 1212; x_wconf 88' lang='lat' dir='ltr'>sed</span> 
     </span>
     <span class='ocr_line' id='line_1_17' title="bbox 361 1230 1997 1286; baseline -0.001 -13"><span class='ocrx_word' id='word_1_141' title='bbox 361 1231 531 1273; x_wconf 87' lang='lat' dir='ltr'>iudicat</span> <span class='ocrx_word' id='word_1_142' title='bbox 553 1237 597 1273; x_wconf 92' lang='lat' dir='ltr'>et</span> <span class='ocrx_word' id='word_1_143' title='bbox 634 1231 731 1286; x_wconf 86' lang='lat' dir='ltr'>ipse</span> <span class='ocrx_word' id='word_1_144' title='bbox 764 1245 974 1286; x_wconf 82' lang='lat' dir='ltr'>magnam</span> <span class='ocrx_word' id='word_1_145' title='bbox 1007 1231 1052 1273; x_wconf 92' lang='lat' dir='ltr'>in</span> <span class='ocrx_word' id='word_1_146' title='bbox 1075 1230 1343 1274; x_wconf 85' lang='lat' dir='ltr'>executione</span> <span class='ocrx_word' id='word_1_147' title='bbox 1367 1231 1461 1274; x_wconf 84' lang='lat' dir='ltr'>fore</span> <span class='ocrx_word' id='word_1_148' title='bbox 1478 1230 1808 1273; x_wconf 84' lang='lat' dir='ltr'>difficultatem.</span> <span class='ocrx_word' id='word_1_149' title='bbox 1832 1230 1997 1272; x_wconf 85' lang='lat' dir='ltr'>Procul</span> 
     </span>
     <span class='ocr_line' id='line_1_18' title="bbox 361 1288 2000 1346; baseline -0.002 -13"><span class='ocrx_word' id='word_1_150' title='bbox 361 1291 500 1333; x_wconf 91' lang='lat' dir='ltr'>distat</span> <span class='ocrx_word' id='word_1_151' title='bbox 522 1292 679 1343; x_wconf 90' lang='lat' dir='ltr'>Roma,</span> <span class='ocrx_word' id='word_1_152' title='bbox 706 1304 790 1333; x_wconf 88' lang='lat' dir='ltr'>nec</span> <span class='ocrx_word' id='word_1_153' title='bbox 818 1290 998 1346; x_wconf 85' lang='lat' dir='ltr'>expedit</span> <span class='ocrx_word' id='word_1_154' title='bbox 1024 1305 1181 1332; x_wconf 89' lang='lat' dir='ltr'>omnes</span> <span class='ocrx_word' id='word_1_155' title='bbox 1213 1305 1266 1334; x_wconf 93' lang='lat' dir='ltr'>eo</span> <span class='ocrx_word' id='word_1_156' title='bbox 1287 1289 1420 1331; x_wconf 91' lang='lat' dir='ltr'>mitti.</span> <span class='ocrx_word' id='word_1_157' title='bbox 1442 1290 1638 1333; x_wconf 89' lang='lat' dir='ltr'>Laborat</span> <span class='ocrx_word' id='word_1_158' title='bbox 1661 1288 1894 1345; x_wconf 84' lang='lat' dir='ltr'>prouincia</span> <span class='ocrx_word' id='word_1_159' title='bbox 1915 1289 2000 1331; x_wconf 90' lang='lat' dir='ltr'>bo-</span> 
     </span>
     <span class='ocr_line' id='line_1_19' title="bbox 364 1347 2002 1405; baseline -0.002 -13"><span class='ocrx_word' id='word_1_160' title='bbox 364 1365 524 1392; x_wconf 90' lang='lat' dir='ltr'>norum</span> <span class='ocrx_word' id='word_1_161' title='bbox 541 1350 847 1405; x_wconf 87' lang='lat' dir='ltr'>operariorum</span> <span class='ocrx_word' id='word_1_162' title='bbox 867 1350 1068 1405; x_wconf 85' lang='lat' dir='ltr'>penuria,</span> <span class='ocrx_word' id='word_1_163' title='bbox 1089 1364 1171 1391; x_wconf 86' lang='lat' dir='ltr'>nec</span> <span class='ocrx_word' id='word_1_164' title='bbox 1194 1350 1395 1392; x_wconf 88' lang='lat' dir='ltr'>abundat</span> <span class='ocrx_word' id='word_1_165' title='bbox 1412 1349 1457 1391; x_wconf 91' lang='lat' dir='ltr'>in</span> <span class='ocrx_word' id='word_1_166' title='bbox 1476 1349 1814 1404; x_wconf 86' lang='lat' dir='ltr'>temporalibus.</span> <span class='ocrx_word' id='word_1_167' title='bbox 1837 1347 2002 1391; x_wconf 88' lang='lat' dir='ltr'>Omni-</span> 
     </span>
     <span class='ocr_line' id='line_1_20' title="bbox 364 1408 2000 1464; baseline -0.001 -13"><span class='ocrx_word' id='word_1_168' title='bbox 364 1424 422 1451; x_wconf 91' lang='lat' dir='ltr'>no</span> <span class='ocrx_word' id='word_1_169' title='bbox 445 1424 680 1464; x_wconf 84' lang='lat' dir='ltr'>speramus</span> <span class='ocrx_word' id='word_1_170' title='bbox 703 1409 904 1464; x_wconf 86' lang='lat' dir='ltr'>proximo</span> <span class='ocrx_word' id='word_1_171' title='bbox 928 1408 1181 1464; x_wconf 85' lang='lat' dir='ltr'>Septembri</span> <span class='ocrx_word' id='word_1_172' title='bbox 1200 1409 1394 1463; x_wconf 80' lang='lat' dir='ltr'>aliquem</span> <span class='ocrx_word' id='word_1_173' title='bbox 1417 1409 1587 1450; x_wconf 89' lang='lat' dir='ltr'>bonum</span> <span class='ocrx_word' id='word_1_174' title='bbox 1606 1415 1651 1451; x_wconf 92' lang='lat' dir='ltr'>et</span> <span class='ocrx_word' id='word_1_175' title='bbox 1667 1422 1828 1451; x_wconf 88' lang='lat' dir='ltr'>sanum</span> <span class='ocrx_word' id='word_1_176' title='bbox 1850 1408 2000 1463; x_wconf 84' lang='lat' dir='ltr'>philo-</span> 
     </span>
     <span class='ocr_line' id='line_1_21' title="bbox 363 1466 1999 1524; baseline -0.002 -12"><span class='ocrx_word' id='word_1_177' title='bbox 363 1470 561 1524; x_wconf 87' lang='lat' dir='ltr'>sophum</span> <span class='ocrx_word' id='word_1_178' title='bbox 585 1484 611 1511; x_wconf 92' lang='lat' dir='ltr'>a</span> <span class='ocrx_word' id='word_1_179' title='bbox 634 1471 685 1511; x_wconf 88' lang='lat' dir='ltr'>P.</span> <span class='ocrx_word' id='word_1_180' title='bbox 720 1471 771 1511; x_wconf 92' lang='lat' dir='ltr'>T.</span> <span class='ocrx_word' id='word_1_181' title='bbox 796 1469 926 1511; x_wconf 87' lang='lat' dir='ltr'>nobis</span> <span class='ocrx_word' id='word_1_182' title='bbox 963 1469 1149 1511; x_wconf 90' lang='lat' dir='ltr'>missum</span> <span class='ocrx_word' id='word_1_183' title='bbox 1180 1468 1249 1520; x_wconf 85' lang='lat' dir='ltr'>iri,</span> <span class='ocrx_word' id='word_1_184' title='bbox 1291 1468 1368 1522; x_wconf 89' lang='lat' dir='ltr'>qui</span> <span class='ocrx_word' id='word_1_185' title='bbox 1398 1469 1452 1510; x_wconf 92' lang='lat' dir='ltr'>ad</span> <span class='ocrx_word' id='word_1_186' title='bbox 1480 1470 1538 1510; x_wconf 95' lang='lat' dir='ltr'>D.</span> <span class='ocrx_word' id='word_1_187' title='bbox 1575 1466 1799 1522; x_wconf 89' lang='lat' dir='ltr'>Ieronymi</span> <span class='ocrx_word' id='word_1_188' title='bbox 1829 1468 1999 1510; x_wconf 89' lang='lat' dir='ltr'>festum</span> 
     </span>
     <span class='ocr_line' id='line_1_22' title="bbox 361 1526 2001 1582; baseline -0.002 -12"><span class='ocrx_word' id='word_1_189' title='bbox 361 1543 533 1571; x_wconf 88' lang='lat' dir='ltr'>nouum</span> <span class='ocrx_word' id='word_1_190' title='bbox 556 1528 602 1570; x_wconf 89' lang='lat' dir='ltr'>in</span> <span class='ocrx_word' id='word_1_191' title='bbox 621 1528 792 1570; x_wconf 80' lang='lat' dir='ltr'>artibus</span> <span class='ocrx_word' id='word_1_192' title='bbox 830 1542 1013 1571; x_wconf 84' lang='lat' dir='ltr'>cursum</span> <span class='ocrx_word' id='word_1_193' title='bbox 1036 1527 1257 1582; x_wconf 82' lang='lat' dir='ltr'>auspicari</span> <span class='ocrx_word' id='word_1_194' title='bbox 1292 1527 1447 1582; x_wconf 82' lang='lat' dir='ltr'>possit.</span> <span class='ocrx_word' id='word_1_195' title='bbox 1491 1528 1673 1570; x_wconf 87' lang='lat' dir='ltr'>Certam</span> <span class='ocrx_word' id='word_1_196' title='bbox 1703 1526 1831 1569; x_wconf 86' lang='lat' dir='ltr'>nobis</span> <span class='ocrx_word' id='word_1_197' title='bbox 1861 1526 2001 1581; x_wconf 85' lang='lat' dir='ltr'>hujus</span> 
     </span>
     <span class='ocr_line' id='line_1_23' title="bbox 362 1585 1996 1643; baseline -0.001 -14"><span class='ocrx_word' id='word_1_198' title='bbox 362 1587 426 1630; x_wconf 87' lang='lat' dir='ltr'>rei</span> <span class='ocrx_word' id='word_1_199' title='bbox 450 1602 575 1643; x_wconf 89' lang='lat' dir='ltr'>spem</span> <span class='ocrx_word' id='word_1_200' title='bbox 600 1587 707 1631; x_wconf 90' lang='lat' dir='ltr'>fecit</span> <span class='ocrx_word' id='word_1_201' title='bbox 731 1589 780 1629; x_wconf 83' lang='lat' dir='ltr'>P.</span> <span class='ocrx_word' id='word_1_202' title='bbox 804 1587 994 1640; x_wconf 83' lang='lat' dir='ltr'>Natalis,</span> <span class='ocrx_word' id='word_1_203' title='bbox 1016 1587 1093 1642; x_wconf 89' lang='lat' dir='ltr'>qui</span> <span class='ocrx_word' id='word_1_204' title='bbox 1115 1587 1358 1643; x_wconf 81' lang='lat' dir='ltr'>diligenter</span> <span class='ocrx_word' id='word_1_205' title='bbox 1380 1586 1515 1629; x_wconf 89' lang='lat' dir='ltr'>etiam</span> <span class='ocrx_word' id='word_1_206' title='bbox 1539 1586 1585 1628; x_wconf 90' lang='lat' dir='ltr'>in</span> <span class='ocrx_word' id='word_1_207' title='bbox 1607 1588 1692 1629; x_wconf 88' lang='lat' dir='ltr'>hac</span> <span class='ocrx_word' id='word_1_208' title='bbox 1715 1601 1763 1630; x_wconf 91' lang='lat' dir='ltr'>re</span> <span class='ocrx_word' id='word_1_209' title='bbox 1785 1585 1841 1629; x_wconf 91' lang='lat' dir='ltr'>ad</span> <span class='ocrx_word' id='word_1_210' title='bbox 1860 1587 1912 1628; x_wconf 84' lang='lat' dir='ltr'>P.</span> <span class='ocrx_word' id='word_1_211' title='bbox 1941 1587 1996 1627; x_wconf 80' lang='lat' dir='ltr'>T.</span> 
     </span>
     <span class='ocr_line' id='line_1_24' title="bbox 362 1646 817 1703; baseline -0.004 -13"><span class='ocrx_word' id='word_1_212' title='bbox 362 1662 412 1690; x_wconf 81' lang='lat' dir='ltr'>se</span> <span class='ocrx_word' id='word_1_213' title='bbox 434 1646 667 1703; x_wconf 83' lang='lat' dir='ltr'>scripsisse</span> <span class='ocrx_word' id='word_1_214' title='bbox 691 1647 817 1689; x_wconf 77' lang='lat' dir='ltr'>dixit.</span> 
     </span>
    </p>
   </div>
   <div class='ocr_carea' id='block_1_3' title="bbox 550 1760 1798 2151">
    <p class='ocr_par' dir='ltr' id='par_1_3' title="bbox 550 1760 1798 2151">
     <span class='ocr_line' id='line_1_25' title="bbox 1141 1760 1227 1801; baseline 0 0"><span class='ocrx_word' id='word_1_215' title='bbox 1141 1760 1227 1801; x_wconf 77' lang='lat' dir='ltr'>XV</span> 
     </span>
     <span class='ocr_line' id='line_1_26' title="bbox 669 1845 1691 1885; baseline -0.004 0"><span class='ocrx_word' id='word_1_216' title='bbox 669 1847 830 1885; x_wconf 87' lang='lat' dir='ltr'>OTTO</span> <span class='ocrx_word' id='word_1_217' title='bbox 857 1847 1210 1883; x_wconf 84' lang='lat' dir='ltr'>TRUCHSESS</span> <span class='ocrx_word' id='word_1_218' title='bbox 1239 1848 1313 1881; x_wconf 88' lang='lat' dir='ltr'>DE</span> <span class='ocrx_word' id='word_1_219' title='bbox 1341 1845 1691 1882; x_wconf 79' lang='lat' dir='ltr'><strong>WALDBURG</strong></span> 
     </span>
     <span class='ocr_line' id='line_1_27' title="bbox 807 1938 1556 1977; baseline -0.003 -8"><span class='ocrx_word' id='word_1_220' title='bbox 807 1939 991 1969; x_wconf 84' lang='lat' dir='ltr'><strong>SANCTO</strong></span> <span class='ocrx_word' id='word_1_221' title='bbox 1021 1938 1284 1968; x_wconf 80' lang='lat' dir='ltr'><strong>FRANCISCO</strong></span> <span class='ocrx_word' id='word_1_222' title='bbox 1314 1939 1376 1968; x_wconf 83' lang='lat' dir='ltr'>DE</span> <span class='ocrx_word' id='word_1_223' title='bbox 1406 1938 1556 1977; x_wconf 76' lang='lat' dir='ltr'>BORJA</span> 
     </span>
     <span class='ocr_line' id='line_1_28' title="bbox 866 2013 1484 2071; baseline -0.002 -14"><span class='ocrx_word' id='word_1_224' title='bbox 866 2014 1094 2070; x_wconf 85' lang='lat' dir='ltr'>Dilingae‚</span> <span class='ocrx_word' id='word_1_225' title='bbox 1119 2013 1294 2071; x_wconf 81' lang='lat' dir='ltr'>31Julii</span> <span class='ocrx_word' id='word_1_226' title='bbox 1320 2014 1430 2067; x_wconf 75' lang='lat'>1566</span> <span class='ocrx_word' id='word_1_227' title='bbox 1459 2014 1484 2056; x_wconf 88' lang='lat'>¹.</span> 
     </span>
     <span class='ocr_line' id='line_1_29' title="bbox 550 2101 1798 2151; baseline -0.004 -11"><span class='ocrx_word' id='word_1_228' title='bbox 550 2105 610 2140; x_wconf 84' lang='lat' dir='ltr'>De</span> <span class='ocrx_word' id='word_1_229' title='bbox 628 2105 834 2151; x_wconf 76' lang='lat' dir='ltr'>scriptura</span> <span class='ocrx_word' id='word_1_230' title='bbox 853 2103 1110 2146; x_wconf 76' lang='lat' dir='ltr'>fundationis</span> <span class='ocrx_word' id='word_1_231' title='bbox 1128 2102 1287 2150; x_wconf 76' lang='lat' dir='ltr'>collegii</span> <span class='ocrx_word' id='word_1_232' title='bbox 1312 2102 1508 2149; x_wconf 76' lang='lat' dir='ltr'>Dilingcze</span> <span class='ocrx_word' id='word_1_233' title='bbox 1531 2101 1798 2144; x_wconf 78' lang='lat' dir='ltr'>reformanda</span> 
     </span>
    </p>
   </div>
   <div class='ocr_carea' id='block_1_4' title="bbox 361 2179 2000 2826">
    <p class='ocr_par' dir='ltr' id='par_1_4' title="bbox 361 2179 2000 2826">
     <span class='ocr_line' id='line_1_30' title="bbox 452 2179 1999 2226; baseline -0.003 -2"><span class='ocrx_word' id='word_1_234' title='bbox 452 2183 593 2224; x_wconf 91' lang='lat' dir='ltr'>Molto</span> <span class='ocrx_word' id='word_1_235' title='bbox 613 2183 732 2226; x_wconf 86' lang='lat' dir='ltr'>Rdo.</span> <span class='ocrx_word' id='word_1_236' title='bbox 764 2182 809 2223; x_wconf 93' lang='lat' dir='ltr'>in</span> <span class='ocrx_word' id='word_1_237' title='bbox 834 2181 1015 2224; x_wconf 86' lang='lat' dir='ltr'>Christo</span> <span class='ocrx_word' id='word_1_238' title='bbox 1039 2181 1235 2225; x_wconf 83' lang='lat' dir='ltr'>fratello.</span> <span class='ocrx_word' id='word_1_239' title='bbox 1270 2179 1437 2222; x_wconf 79' lang='lat' dir='ltr'>Poi-che</span> <span class='ocrx_word' id='word_1_240' title='bbox 1461 2179 1734 2222; x_wconf 89' lang='lat' dir='ltr'>riceuemmo</span> <span class='ocrx_word' id='word_1_241' title='bbox 1758 2179 1801 2221; x_wconf 91' lang='lat' dir='ltr'>la</span> <span class='ocrx_word' id='word_1_242' title='bbox 1824 2179 1999 2221; x_wconf 89' lang='lat' dir='ltr'>minuta</span> 
     </span>
     <span class='ocr_line' id='line_1_31' title="bbox 363 2238 1996 2296; baseline -0.001 -14"><span class='ocrx_word' id='word_1_243' title='bbox 363 2241 434 2283; x_wconf 90' lang='lat' dir='ltr'>del</span> <span class='ocrx_word' id='word_1_244' title='bbox 458 2241 736 2295; x_wconf 76' lang='lat' dir='ltr'>Quirinotto,</span> <span class='ocrx_word' id='word_1_245' title='bbox 762 2242 952 2283; x_wconf 86' lang='lat' dir='ltr'>formata</span> <span class='ocrx_word' id='word_1_246' title='bbox 981 2255 1112 2296; x_wconf 89' lang='lat' dir='ltr'>sopra</span> <span class='ocrx_word' id='word_1_247' title='bbox 1135 2241 1176 2283; x_wconf 94' lang='lat' dir='ltr'>le</span> <span class='ocrx_word' id='word_1_248' title='bbox 1205 2238 1497 2282; x_wconf 88' lang='lat' dir='ltr'>conuentioni</span> <span class='ocrx_word' id='word_1_249' title='bbox 1526 2240 1610 2281; x_wconf 89' lang='lat' dir='ltr'>che</span> <span class='ocrx_word' id='word_1_250' title='bbox 1639 2245 1851 2281; x_wconf 88' lang='lat' dir='ltr'>trattamo</span> <span class='ocrx_word' id='word_1_251' title='bbox 1880 2238 1996 2281; x_wconf 73' lang='lat' dir='ltr'>costi</span> 
     </span>
     <span class='ocr_line' id='line_1_32' title="bbox 362 2297 1995 2354; baseline -0.001 -13"><span class='ocrx_word' id='word_1_252' title='bbox 362 2300 466 2343; x_wconf 86' lang='lat' dir='ltr'>dell’</span> <span class='ocrx_word' id='word_1_253' title='bbox 498 2301 719 2343; x_wconf 88' lang='lat' dir='ltr'>erettione</span> <span class='ocrx_word' id='word_1_254' title='bbox 756 2307 801 2343; x_wconf 92' lang='lat' dir='ltr'>et</span> <span class='ocrx_word' id='word_1_255' title='bbox 839 2300 1144 2343; x_wconf 85' lang='lat' dir='ltr'>stabilimento</span> <span class='ocrx_word' id='word_1_256' title='bbox 1168 2300 1244 2354; x_wconf 90' lang='lat' dir='ltr'>qui</span> <span class='ocrx_word' id='word_1_257' title='bbox 1267 2300 1340 2341; x_wconf 89' lang='lat' dir='ltr'>del</span> <span class='ocrx_word' id='word_1_258' title='bbox 1363 2298 1569 2353; x_wconf 78' lang='lat' dir='ltr'>collegio,</span> <span class='ocrx_word' id='word_1_259' title='bbox 1602 2298 1644 2339; x_wconf 87' lang='lat' dir='ltr'>la</span> <span class='ocrx_word' id='word_1_260' title='bbox 1676 2297 1901 2353; x_wconf 89' lang='lat' dir='ltr'>presentia</span> <span class='ocrx_word' id='word_1_261' title='bbox 1923 2298 1995 2340; x_wconf 91' lang='lat' dir='ltr'>del</span> 
     </span>
     <span class='ocr_line' id='line_1_33' title="bbox 363 2357 1994 2409; baseline -0.002 -8"><span class='ocrx_word' id='word_1_262' title='bbox 363 2361 416 2401; x_wconf 89' lang='lat' dir='ltr'>P.</span> <span class='ocrx_word' id='word_1_263' title='bbox 443 2361 604 2403; x_wconf 89' lang='lat' dir='ltr'>Natale</span> <span class='ocrx_word' id='word_1_264' title='bbox 627 2361 727 2403; x_wconf 87' lang='lat' dir='ltr'>fece</span> <span class='ocrx_word' id='word_1_265' title='bbox 755 2362 838 2402; x_wconf 88' lang='lat' dir='ltr'>che</span> <span class='ocrx_word' id='word_1_266' title='bbox 877 2359 1220 2402; x_wconf 86' lang='lat' dir='ltr'>cominciammo</span> <span class='ocrx_word' id='word_1_267' title='bbox 1254 2373 1278 2401; x_wconf 93' lang='lat' dir='ltr'>a</span> <span class='ocrx_word' id='word_1_268' title='bbox 1300 2357 1548 2400; x_wconf 89' lang='lat' dir='ltr'>discorrere</span> <span class='ocrx_word' id='word_1_269' title='bbox 1581 2358 1705 2401; x_wconf 87' lang='lat' dir='ltr'>detta</span> <span class='ocrx_word' id='word_1_270' title='bbox 1733 2357 1922 2409; x_wconf 81' lang='lat' dir='ltr'>minuta3</span> <span class='ocrx_word' id='word_1_271' title='bbox 1949 2363 1994 2400; x_wconf 91' lang='lat' dir='ltr'>et</span> 
     </span>
     <span class='ocr_line' id='line_1_34' title="bbox 361 2416 1995 2474; baseline -0.001 -14"><span class='ocrx_word' id='word_1_272' title='bbox 361 2418 647 2462; x_wconf 84' lang='lat' dir='ltr'>considerata</span> <span class='ocrx_word' id='word_1_273' title='bbox 668 2420 798 2470; x_wconf 82' lang='lat' dir='ltr'>bene,</span> <span class='ocrx_word' id='word_1_274' title='bbox 825 2434 915 2461; x_wconf 89' lang='lat' dir='ltr'>non</span> <span class='ocrx_word' id='word_1_275' title='bbox 939 2420 981 2461; x_wconf 93' lang='lat' dir='ltr'>la</span> <span class='ocrx_word' id='word_1_276' title='bbox 1003 2418 1308 2474; x_wconf 82' lang='lat' dir='ltr'>giudicammo</span> <span class='ocrx_word' id='word_1_277' title='bbox 1330 2417 1375 2459; x_wconf 90' lang='lat' dir='ltr'>di</span> <span class='ocrx_word' id='word_1_278' title='bbox 1398 2417 1500 2471; x_wconf 91' lang='lat' dir='ltr'>quel</span> <span class='ocrx_word' id='word_1_279' title='bbox 1524 2416 1647 2458; x_wconf 91' lang='lat' dir='ltr'>buon</span> <span class='ocrx_word' id='word_1_280' title='bbox 1670 2416 1826 2460; x_wconf 87' lang='lat' dir='ltr'>ordine</span> <span class='ocrx_word' id='word_1_281' title='bbox 1848 2416 1995 2459; x_wconf 85' lang='lat' dir='ltr'>chela</span> 
     </span>
     <span class='ocr_line' id='line_1_35' title="bbox 362 2474 1995 2531; baseline -0.002 -12"><span class='ocrx_word' id='word_1_282' title='bbox 362 2477 716 2529; x_wconf 67' lang='lat' dir='ltr'>desfflerauamo,</span> <span class='ocrx_word' id='word_1_283' title='bbox 741 2485 887 2521; x_wconf 87' lang='lat' dir='ltr'>atteso</span> <span class='ocrx_word' id='word_1_284' title='bbox 921 2481 1006 2520; x_wconf 87' lang='lat' dir='ltr'>che</span> <span class='ocrx_word' id='word_1_285' title='bbox 1029 2480 1070 2522; x_wconf 92' lang='lat' dir='ltr'>le</span> <span class='ocrx_word' id='word_1_286' title='bbox 1092 2477 1276 2520; x_wconf 84' lang='lat' dir='ltr'>materie</span> <span class='ocrx_word' id='word_1_287' title='bbox 1314 2491 1403 2518; x_wconf 92' lang='lat' dir='ltr'>non</span> <span class='ocrx_word' id='word_1_288' title='bbox 1433 2489 1570 2518; x_wconf 88' lang='lat' dir='ltr'>erano</span> <span class='ocrx_word' id='word_1_289' title='bbox 1598 2475 1796 2531; x_wconf 90' lang='lat' dir='ltr'>disposte</span> <span class='ocrx_word' id='word_1_290' title='bbox 1825 2491 1850 2518; x_wconf 91' lang='lat' dir='ltr'>a</span> <span class='ocrx_word' id='word_1_291' title='bbox 1877 2474 1995 2517; x_wconf 88' lang='lat' dir='ltr'>lochi</span> 
     </span>
     <span class='ocr_line' id='line_1_36' title="bbox 362 2535 2000 2592; baseline -0.002 -13"><span class='ocrx_word' id='word_1_292' title='bbox 362 2536 480 2588; x_wconf 80' lang='lat' dir='ltr'>suoi,</span> <span class='ocrx_word' id='word_1_293' title='bbox 508 2544 551 2580; x_wconf 93' lang='lat' dir='ltr'>et</span> <span class='ocrx_word' id='word_1_294' title='bbox 580 2538 718 2579; x_wconf 90' lang='lat' dir='ltr'>molte</span> <span class='ocrx_word' id='word_1_295' title='bbox 749 2552 837 2579; x_wconf 91' lang='lat' dir='ltr'>non</span> <span class='ocrx_word' id='word_1_296' title='bbox 867 2552 1003 2581; x_wconf 84' lang='lat' dir='ltr'>erano</span> <span class='ocrx_word' id='word_1_297' title='bbox 1030 2537 1244 2592; x_wconf 87' lang='lat' dir='ltr'>esplicate</span> <span class='ocrx_word' id='word_1_298' title='bbox 1266 2535 1585 2585; x_wconf 66' lang='lat' dir='ltr'>chiaramente,</span> <span class='ocrx_word' id='word_1_299' title='bbox 1612 2548 1738 2577; x_wconf 87' lang='lat' dir='ltr'>come</span> <span class='ocrx_word' id='word_1_300' title='bbox 1766 2537 2000 2578; x_wconf 88' lang='lat' dir='ltr'>haremmo</span> 
     </span>
     <span class='ocr_line' id='line_1_37' title="bbox 363 2593 1997 2668; baseline -0.003 -30"><span class='ocrx_word' id='word_1_301' title='bbox 363 2597 537 2640; x_wconf 90' lang='lat' dir='ltr'>uoluto.</span> <span class='ocrx_word' id='word_1_302' title='bbox 561 2595 619 2639; x_wconf 88' lang='lat' dir='ltr'>Di</span> <span class='ocrx_word' id='word_1_303' title='bbox 658 2596 871 2648; x_wconf 72' lang='lat' dir='ltr'>maniem,</span> <span class='ocrx_word' id='word_1_304' title='bbox 908 2599 1007 2668; x_wconf 83' lang='lat' dir='ltr'>che,</span> <span class='ocrx_word' id='word_1_305' title='bbox 1039 2611 1123 2638; x_wconf 92' lang='lat' dir='ltr'>con</span> <span class='ocrx_word' id='word_1_306' title='bbox 1147 2597 1177 2637; x_wconf 87' lang='lat' dir='ltr'>l&#39;</span> <span class='ocrx_word' id='word_1_307' title='bbox 1204 2596 1325 2637; x_wconf 87' lang='lat' dir='ltr'>aiuto</span> <span class='ocrx_word' id='word_1_308' title='bbox 1359 2595 1403 2636; x_wconf 91' lang='lat' dir='ltr'>di</span> <span class='ocrx_word' id='word_1_309' title='bbox 1426 2595 1551 2637; x_wconf 89' lang='lat' dir='ltr'>detto</span> <span class='ocrx_word' id='word_1_310' title='bbox 1576 2595 1628 2637; x_wconf 83' lang='lat' dir='ltr'>P.</span> <span class='ocrx_word' id='word_1_311' title='bbox 1669 2595 1830 2636; x_wconf 88' lang='lat' dir='ltr'>Natale</span> <span class='ocrx_word' id='word_1_312' title='bbox 1859 2600 1904 2637; x_wconf 90' lang='lat' dir='ltr'>et</span> <span class='ocrx_word' id='word_1_313' title='bbox 1926 2593 1997 2635; x_wconf 90' lang='lat' dir='ltr'>del</span> 
     </span>
     <span class='ocr_line' id='line_1_38' title="bbox 363 2653 2000 2711; baseline -0.003 -13"><span class='ocrx_word' id='word_1_314' title='bbox 363 2655 563 2705; x_wconf 87' lang='lat' dir='ltr'>Canisio</span> <span class='ocrx_word' id='word_1_315' title='bbox 579 2655 618 2697; x_wconf 92' lang='lat' dir='ltr'>ci</span> <span class='ocrx_word' id='word_1_316' title='bbox 638 2662 897 2698; x_wconf 89' lang='lat' dir='ltr'>mettemmo</span> <span class='ocrx_word' id='word_1_317' title='bbox 916 2655 993 2711; x_wconf 82' lang='lat' dir='ltr'>giu</span> <span class='ocrx_word' id='word_1_318' title='bbox 1013 2671 1037 2698; x_wconf 92' lang='lat' dir='ltr'>a</span> <span class='ocrx_word' id='word_1_319' title='bbox 1055 2656 1297 2697; x_wconf 88' lang='lat' dir='ltr'>reformare</span> <span class='ocrx_word' id='word_1_320' title='bbox 1316 2655 1391 2695; x_wconf 88' lang='lat' dir='ltr'>un</span> <span class='ocrx_word' id='word_1_321' title='bbox 1412 2653 1557 2695; x_wconf 90' lang='lat' dir='ltr'>intero</span> <span class='ocrx_word' id='word_1_322' title='bbox 1575 2653 1892 2705; x_wconf 81' lang='lat' dir='ltr'>instrumento,</span> <span class='ocrx_word' id='word_1_323' title='bbox 1914 2666 2000 2694; x_wconf 85' lang='lat' dir='ltr'>con</span> 
     </span>
     <span class='ocr_line' id='line_1_39' title="bbox 361 2712 1999 2770; baseline -0.002 -14"><span class='ocrx_word' id='word_1_324' title='bbox 361 2715 404 2757; x_wconf 86' lang='lat' dir='ltr'>la</span> <span class='ocrx_word' id='word_1_325' title='bbox 429 2714 755 2757; x_wconf 84' lang='lat' dir='ltr'>dichiaratione</span> <span class='ocrx_word' id='word_1_326' title='bbox 786 2722 940 2770; x_wconf 87' lang='lat' dir='ltr'>aperta</span> <span class='ocrx_word' id='word_1_327' title='bbox 974 2715 1091 2757; x_wconf 88' lang='lat' dir='ltr'>della</span> <span class='ocrx_word' id='word_1_328' title='bbox 1120 2713 1371 2756; x_wconf 84' lang='lat' dir='ltr'>intentione</span> <span class='ocrx_word' id='word_1_329' title='bbox 1394 2718 1549 2754; x_wconf 85' lang='lat' dir='ltr'>nostra</span> <span class='ocrx_word' id='word_1_330' title='bbox 1572 2726 1705 2766; x_wconf 80' lang='lat' dir='ltr'>sopra</span> <span class='ocrx_word' id='word_1_331' title='bbox 1727 2712 1851 2754; x_wconf 89' lang='lat' dir='ltr'>detta</span> <span class='ocrx_word' id='word_1_332' title='bbox 1881 2718 1999 2755; x_wconf 89' lang='lat' dir='ltr'>eret—</span> 
     </span>
     <span class='ocr_line' id='line_1_40' title="bbox 362 2769 1997 2826; baseline -0.003 -10"><span class='ocrx_word' id='word_1_333' title='bbox 362 2773 484 2818; x_wconf 89' lang='lat' dir='ltr'>tione</span> <span class='ocrx_word' id='word_1_334' title='bbox 507 2780 553 2816; x_wconf 89' lang='lat' dir='ltr'>et</span> <span class='ocrx_word' id='word_1_335' title='bbox 575 2773 895 2826; x_wconf 89' lang='lat' dir='ltr'>stabilimento,</span> <span class='ocrx_word' id='word_1_336' title='bbox 932 2773 1099 2816; x_wconf 89' lang='lat' dir='ltr'>sicome</span> <span class='ocrx_word' id='word_1_337' title='bbox 1122 2774 1185 2815; x_wconf 87' lang='lat' dir='ltr'>V.</span> <span class='ocrx_word' id='word_1_338' title='bbox 1224 2775 1277 2815; x_wconf 83' lang='lat' dir='ltr'>P.</span> <span class='ocrx_word' id='word_1_339' title='bbox 1304 2773 1362 2815; x_wconf 82' lang='lat' dir='ltr'>R</span> <span class='ocrx_word' id='word_1_340' title='bbox 1396 2770 1531 2813; x_wconf 78' lang='lat' dir='ltr'>uedra</span> <span class='ocrx_word' id='word_1_341' title='bbox 1554 2785 1634 2826; x_wconf 87' lang='lat' dir='ltr'>per</span> <span class='ocrx_word' id='word_1_342' title='bbox 1668 2785 1756 2813; x_wconf 89' lang='lat' dir='ltr'>una</span> <span class='ocrx_word' id='word_1_343' title='bbox 1790 2770 1918 2826; x_wconf 88' lang='lat' dir='ltr'>copia</span> <span class='ocrx_word' id='word_1_344' title='bbox 1953 2769 1997 2812; x_wconf 88' lang='lat' dir='ltr'>di</span> 
     </span>
    </p>
   </div>
   <div class='ocr_carea' id='block_1_5' title="bbox 368 2849 631 2855">
    <p class='ocr_par' dir='ltr' id='par_1_5' title="bbox 368 2849 631 2855">
     <span class='ocr_line' id='line_1_41' title="bbox 368 2849 631 2855; baseline 0 0"><span class='ocrx_word' id='word_1_345' title='bbox 368 2849 631 2855; x_wconf 95' lang='lat' dir='ltr'> </span> 
     </span>
    </p>
   </div>
   <div class='ocr_carea' id='block_1_6' title="bbox 431 2871 1856 2920">
    <p class='ocr_par' dir='ltr' id='par_1_6' title="bbox 431 2871 1856 2920">
     <span class='ocr_line' id='line_1_42' title="bbox 431 2871 1856 2920; baseline -0.004 -9"><span class='ocrx_word' id='word_1_346' title='bbox 431 2883 452 2904; x_wconf 70' lang='lat' dir='ltr'>a</span> <span class='ocrx_word' id='word_1_347' title='bbox 492 2875 668 2911; x_wconf 84' lang='lat' dir='ltr'>Discissa</span> <span class='ocrx_word' id='word_1_348' title='bbox 686 2876 818 2910; x_wconf 82' lang='lat' dir='ltr'>charta</span> <span class='ocrx_word' id='word_1_349' title='bbox 833 2875 895 2910; x_wconf 88' lang='lat' dir='ltr'>hic</span> <span class='ocrx_word' id='word_1_350' title='bbox 915 2881 954 2909; x_wconf 93' lang='lat' dir='ltr'>et</span> <span class='ocrx_word' id='word_1_351' title='bbox 972 2875 1086 2920; x_wconf 83' lang='lat' dir='ltr'>paulo</span> <span class='ocrx_word' id='word_1_352' title='bbox 1108 2873 1270 2908; x_wconf 83' lang='lat' dir='ltr'>inferius</span> <span class='ocrx_word' id='word_1_353' title='bbox 1296 2872 1447 2918; x_wconf 83' lang='lat' dir='ltr'>aliquae</span> <span class='ocrx_word' id='word_1_354' title='bbox 1467 2871 1619 2906; x_wconf 84' lang='lat' dir='ltr'>litterae</span> <span class='ocrx_word' id='word_1_355' title='bbox 1638 2871 1856 2918; x_wconf 73' lang='lat' dir='ltr'>perierunt,</span> 
     </span>
    </p>
   </div>
   <div class='ocr_carea' id='block_1_7' title="bbox 364 2941 627 2949">
    <p class='ocr_par' dir='ltr' id='par_1_7' title="bbox 364 2941 627 2949">
     <span class='ocr_line' id='line_1_43' title="bbox 364 2941 627 2949; baseline 0 399"><span class='ocrx_word' id='word_1_356' title='bbox 364 2941 627 2949; x_wconf 95' lang='lat' dir='ltr'> </span> 
     </span>
    </p>
   </div>
   <div class='ocr_carea' id='block_1_8' title="bbox 363 2961 1999 3072">
    <p class='ocr_par' dir='ltr' id='par_1_8' title="bbox 363 2961 1999 3072">
     <span class='ocr_line' id='line_1_44' title="bbox 434 2961 1999 3012; baseline -0.005 -10"><span class='ocrx_word' id='word_1_357' title='bbox 434 2969 443 2988; x_wconf 81' lang='lat'><em>¹</em></span> <span class='ocrx_word' id='word_1_358' title='bbox 495 2968 552 3001; x_wconf 86' lang='lat' dir='ltr'>Ex</span> <span class='ocrx_word' id='word_1_359' title='bbox 570 2967 796 3012; x_wconf 86' lang='lat' dir='ltr'>archetypo,</span> <span class='ocrx_word' id='word_1_360' title='bbox 819 2965 857 3000; x_wconf 91' lang='lat' dir='ltr'>in</span> <span class='ocrx_word' id='word_1_361' title='bbox 880 2964 974 3000; x_wconf 83' lang='lat' dir='ltr'>Cod.</span> <span class='ocrx_word' id='word_1_362' title='bbox 998 2964 1058 3009; x_wconf 73' lang='lat'>35¹,</span> <span class='ocrx_word' id='word_1_363' title='bbox 1079 2963 1225 3010; x_wconf 86' lang='lat' dir='ltr'>duplici</span> <span class='ocrx_word' id='word_1_364' title='bbox 1251 2962 1332 3006; x_wconf 84' lang='lat' dir='ltr'>fol.‚</span> <span class='ocrx_word' id='word_1_365' title='bbox 1366 2963 1431 3007; x_wconf 77' lang='lat'>146</span> <span class='ocrx_word' id='word_1_366' title='bbox 1457 2961 1573 3007; x_wconf 77' lang='lat'>(134).</span> <span class='ocrx_word' id='word_1_367' title='bbox 1606 2961 1705 2996; x_wconf 76' lang='lat' dir='ltr'>Vide</span> <span class='ocrx_word' id='word_1_368' title='bbox 1730 2972 1824 3007; x_wconf 77' lang='lat' dir='ltr'>pag.</span> <span class='ocrx_word' id='word_1_369' title='bbox 1859 2968 1938 3006; x_wconf 78' lang='lat'>1973</span> <span class='ocrx_word' id='word_1_370' title='bbox 1959 2965 1999 2995; x_wconf 85' lang='lat' dir='ltr'>et</span> 
     </span>
     <span class='ocr_line' id='line_1_45' title="bbox 363 3025 663 3072; baseline 0.003 -13"><span class='ocrx_word' id='word_1_371' title='bbox 363 3025 535 3072; x_wconf 84' lang='lat' dir='ltr'>append.</span> <span class='ocrx_word' id='word_1_372' title='bbox 562 3026 663 3061; x_wconf 93' lang='lat' dir='ltr'><strong>XIII.</strong></span> 
     </span>
    </p>
   </div>
  </div>
 </body>
</html>
