2101 3348
830 195 1052 231 APPEND1X
1636 204 1681 243 79
1689 206 1702 233 1

877 387 1004 429 XLV

664 475 708 510 Β.
737 474 938 510 PETRUS
966 473 1208 510 CANISIUS

483 570 694 600 SANCTO
741 571 1051 601 FRANCISCO
1099 571 1168 601 DE
1217 571 1395 611 BORJA

586 651 814 708 Dilingae‚
841 665 896 706 24
919 652 1088 709 Aprilis
1117 654 1226 707 1567
1255 655 1282 696 ¹.

253 746 314 782 De
332 746 498 793 collegio
514 746 792 793 herbipolensi,
811 749 847 781 et
864 747 911 781 de
928 746 1073 782 vestitu
1090 747 1288 782 sociorum
1307 748 1351 782 in
1373 747 1611 784 Germania.

211 830 296 873 His
317 829 477 874 diebus
499 830 651 873 literas
673 829 830 885 accepi
860 831 912 872 P.
944 831 1003 872 D.
1035 830 1227 882 Natalis,
1264 830 1430 885 quibus
1461 831 1746 886 potissimum

123 889 218 946 agit
240 890 297 932 de
319 889 513 946 collegio
535 888 853 945 herbipolensi,
878 897 922 931 et
946 889 1094 944 aliqua
1117 905 1172 933 ex
1194 897 1320 945 parte
1352 892 1595 946 respondet
1622 891 1741 934 diffi-

124 949 388 1002 cultatibus,
413 964 525 1004 quas
549 948 802 992 Paternitas
825 949 923 990 Tua
945 950 1116 992 Romae
1137 949 1443 992 consideratas
1465 950 1596 993 nobis
1619 965 1744 993 com—

124 1008 389 1051 municauit.
415 1011 485 1052 De
506 1008 576 1051 his
599 1008 662 1050 ait
682 1023 732 1051 se
752 1009 940 1050 Romam
963 1022 1146 1062 quoque
1169 1007 1416 1064 scripsisse,
1449 1016 1494 1053 et
1524 1009 1744 1053 rationem

123 1068 371 1112 reddidisse
407 1074 659 1123 pactorum,
699 1081 814 1122 quae
851 1081 973 1109 nunc
1009 1066 1155 1122 magis
1192 1081 1244 1109 ac
1283 1068 1427 1123 magis
1464 1077 1688 1125 urgentur
1719 1085 1745 1113 a

124 1129 253 1170 Rmo.
280 1127 584 1182 herbipolensi
605 1128 637 1169 2.
664 1127 819 1169 Placet
841 1134 990 1169 autem
1016 1125 1138 1168 Patri
1161 1140 1341 1181 quoque
1370 1127 1535 1179 Natali,
1572 1135 1622 1170 ut
1655 1130 1742 1171 hoc

123 1201 241 1229 anno
262 1186 544 1229 dimidiatum
567 1187 800 1229 dumtaxat
821 1185 1063 1241 collegium
1085 1185 1174 1227 illic
1197 1185 1450 1228 inchoetur.
1477 1188 1577 1242 Ego
1594 1187 1743 1231 minus

121 1245 307 1301 periculi
330 1253 375 1289 et
396 1245 667 1289 incommodi
690 1245 736 1287 in
758 1245 902 1300 pactis
925 1244 1010 1286 illis
1027 1259 1126 1289 esse
1143 1252 1366 1300 putarem,
1387 1245 1423 1287 si
1442 1246 1555 1288 haec
1574 1247 1736 1299 ferant,

121 1319 237 1360 quae
259 1306 315 1348 ad
336 1305 636 1361 obligationes
658 1306 800 1348 factas
821 1304 1063 1360 pertinent,
1089 1311 1268 1347 nostrae
1290 1304 1653 1357 constitutioneS,
1680 1306 1742 1349 si-

121 1371 199 1406 cut
224 1366 275 1407 P.
302 1365 475 1408 Natalis
497 1380 552 1408 ex
574 1363 731 1407 iisdem
752 1364 943 1420 probare
968 1364 1161 1407 uidetur.
1195 1364 1291 1406 Nec
1326 1364 1515 1407 fortasse
1547 1364 1745 1408 rationes

119 1425 299 1476 desunt,
325 1424 489 1479 quibus
511 1423 687 1467 ostendi
710 1422 851 1479 possit
875 1422 1042 1465 utilitas
1064 1423 1168 1466 inde
1198 1422 1487 1478 proueniens‚
1520 1437 1622 1466 curn
1657 1438 1740 1466 no-

119 1490 211 1525 stra
232 1483 423 1539 collegia
445 1484 660 1527 honestas
682 1482 906 1526 sustinent
928 1481 1246 1538 obligationes,
1271 1482 1317 1524 in
1340 1481 1511 1525 alendis
1532 1497 1739 1538 praeser-

120 1541 196 1584 tim
221 1542 444 1599 theologis
464 1550 509 1586 et
532 1542 864 1595 concionatore,
890 1541 1007 1584 sicut
1029 1543 1252 1584 hactenus
1279 1541 1324 1583 in
1353 1541 1506 1583 multis
1535 1542 1739 1598 collegiis

120 1601 288 1644 facturn
311 1601 534 1646 uidemus
568 1603 739 1645 Verum
766 1600 803 1644 si
831 1600 960 1645 aliter
988 1600 1135 1643 uisum
1162 1600 1246 1643 erit
1285 1600 1553 1643 Paternitati
1591 1603 1734 1655 Tuae,

119 1660 393 1715 praescribat
425 1675 592 1716 quaeso
620 1668 786 1704 certam
817 1660 1091 1703 fundationis
1123 1667 1168 1703 et
1200 1659 1443 1702 dotationis
1479 1661 1735 1713 formulam,

119 1734 234 1774 quae
254 1721 373 1763 bono
396 1721 607 1776 episcopo
629 1720 939 1762 commostrari
968 1720 1204 1762 commode
1240 1719 1397 1775 possit,
1432 1720 1506 1762 uel
1538 1719 1739 1764 breuiter

117 1780 342 1833 ostendat,
376 1794 492 1835 quae
519 1786 597 1822 aut
625 1786 796 1822 mutata
823 1786 902 1822 aut
929 1785 1157 1835 expuncta
1188 1779 1297 1822 uelit
1333 1778 1380 1820 in
1416 1778 1580 1834 priore,
1616 1780 1738 1834 quod

115 1838 234 1881 misit
257 1839 514 1895 episcopus,
540 1839 893 1882 instrumento...
920 1840 1075 1882 Monet
1099 1840 1150 1881 P.
1171 1837 1361 1891 Natalis,
1383 1844 1432 1881 ut
1450 1837 1601 1880 isthuc
1619 1853 1733 1893 quo-

114 1911 202 1952 que
224 1898 432 1950 scribam,
457 1898 565 1953 quid
587 1897 695 1940 mihi
718 1897 926 1941 uideatur
947 1898 1003 1940 de
1025 1897 1190 1940 nostris
1207 1897 1254 1939 in
1271 1896 1516 1941 Germania
1535 1898 1735 1941 uestien-

112 1957 201 2009 dis,
227 1971 330 2000 cum
353 1957 397 2000 in
421 1958 652 2013 publicum
673 1957 913 2014 prodeunt.
941 1957 1096 2000 Placet
1118 1956 1226 1999 mihi
1249 1956 1473 2000 sententia
1490 1957 1739 2014 bullaeJu-

111 2015 158 2057 lii
182 2017 420 2072 pontificis,
446 2031 561 2072 quae
582 2016 629 2059 in
651 2017 678 2059 6
698 2023 826 2072 parte
848 2015 1222 2059 constitutionum
1245 2016 1553 2067 confirmatur,
1581 2022 1631 2058 ut
1653 2030 1735 2059 ue—

111 2075 247 2118 stitus
269 2083 421 2120 noster
442 2078 499 2119 ad
523 2091 653 2120 usum
675 2075 777 2128 loci,
802 2075 848 2118 in
871 2090 961 2131 quo
989 2075 1203 2129 uiuimus,
1228 2075 1273 2117 id
1301 2082 1386 2128 est,
1416 2074 1664 2128 communi,
1691 2082 1737 2119 et

112 2136 359 2190 approbato
380 2135 493 2178 mori
514 2138 808 2179 honestorum
831 2134 904 2177 hic
926 2136 1231 2188 sacerdotum,
1265 2134 1322 2177 sit
1353 2135 1735 2178 accommodatus.

113 2194 227 2236 Nam
252 2201 297 2237 et
319 2194 497 2251 hispani
524 2201 569 2239 et
596 2194 955 2250 portugallenses
984 2195 1141 2237 Patres
1172 2193 1219 2236 in
1250 2193 1419 2237 uestitu
1451 2194 1622 2237 habent
1654 2193 1735 2237 ali—

114 2254 251 2307 quod,
277 2268 368 2309 quo
389 2269 437 2298 se
459 2254 557 2297 aliis
578 2254 892 2298 sacerdotibus
913 2253 1031 2297 illius
1052 2253 1246 2296 nationis
1268 2254 1551 2297 conformare
1574 2252 1736 2297 dicun-

115 2319 202 2354 tur.
230 2314 325 2356 Nec
348 2313 522 2365 dubito,
548 2313 658 2368 quin
680 2314 766 2356 hac
787 2313 833 2356 in
861 2320 990 2369 parte
1019 2312 1235 2355 inuidiam
1263 2313 1466 2369 effugere
1497 2311 1738 2356 maiorem—

114 2385 201 2427 que
223 2373 444 2415 bonorum
468 2373 659 2429 gratiam
681 2372 811 2415 nobis
828 2371 1068 2416 conciliare
1086 2386 1334 2428 possemus.
1356 2373 1489 2428 Quae
1505 2378 1655 2415 tamen
1672 2371 1737 2417 sic

113 2429 334 2488 intelligo,
356 2439 406 2474 ut
427 2431 585 2484 nostri,
606 2446 710 2475 cum
733 2431 777 2474 in
801 2431 914 2484 aliis,
936 2439 1030 2474 tum
1048 2431 1094 2473 in
1117 2431 1287 2476 uestitu
1307 2445 1489 2475 omnem
1513 2430 1737 2475 luxuriam

113 2489 273 2543 uitent,
299 2498 345 2535 et
366 2491 612 2547 promissae
634 2490 913 2548 paupertatis
935 2491 1283 2535 recordentur...

178 2640 188 2660 ¹
237 2639 296 2674 Ex
320 2639 544 2686 archetypo,
575 2639 615 2674 in
639 2638 769 2685 Epist.
799 2637 971 2682 Canisii‚
995 2638 1040 2684 ΙΙ,
1069 2646 1132 2684 191
1160 2638 1275 2683 (258).
1303 2637 1403 2674 Vide
1428 2649 1516 2685 pag.
1537 2636 1620 2683 3553
1648 2647 1737 2682 4003

102 2696 186 2741 4333
203 2702 242 2732 et
259 2697 426 2744 append.
444 2698 578 2733 XLIII.

171 2759 184 2777 ²
235 2756 459 2793 Fridericus
478 2769 500 2792 a
519 2757 739 2803 Wirsberg.
