2101 3348
251 216 322 251 806
834 217 973 254 EPIST.
1001 209 1044 251 Ρ.
1073 216 1225 252 NADAL

956 354 1099 396 LXIII

749 440 1077 477 STANISLAUS
1104 440 1298 478 HOSIUS

583 538 797 568 SANCTO
839 538 1156 568 FRANCISCO
1199 539 1268 568 DE
1292 539 1468 579 BORJA

629 618 953 675 Heilsbergae,
981 629 1004 673 5
1023 619 1227 676 Januarii
1256 621 1365 674 1568
1395 623 1422 664 ¹.

558 707 854 754 Operariorum
873 720 892 743 e
913 708 1105 744 Societate
1118 709 1368 756 paucitatem
1382 709 1500 745 dolet.

297 791 410 835 Rde.
446 793 596 834 Pater.
630 792 768 847 Quod
800 792 912 834 Rda.
947 793 998 834 P.
1035 793 1092 835 V.
1126 793 1309 836 Patrem
1344 792 1639 848 Philippum²
1677 793 1731 836 ad
1765 807 1853 836 nos

205 850 394 902 miserit,
420 851 565 894 habeo
589 851 798 906 gratiam.
826 850 964 894 Venit
986 853 1076 894 huc
1099 853 1184 894 sub
1207 851 1303 907 ipsa
1328 853 1442 895 festa
1466 851 1691 903 natalicia,
1714 866 1850 906 quem

207 924 296 966 ego
318 909 469 953 statim
494 910 733 966 Elbingam
757 910 878 962 misi,
905 910 982 952 vbi
1005 910 1089 952 fvit
1112 925 1190 966 per
1219 918 1414 966 quatuor
1437 911 1533 954 dies
1563 913 1716 955 festos.
1741 912 1852 955 Inde

208 976 366 1026 postea
388 969 521 1025 redijt
543 970 600 1011 ad
623 985 712 1014 me.
738 971 839 1026 Ipso
862 969 937 1013 die
958 969 1315 1013 circumcisionis
1338 970 1521 1013 Domini
1552 970 1638 1013 fuit
1668 970 1851 1013 auditus

207 1044 233 1071 a
264 1043 352 1081 me,
378 1043 481 1072 curn
516 1030 707 1073 haberet
738 1029 1007 1072 concionem
1041 1031 1099 1072 ad
1132 1031 1365 1085 populum.
1392 1030 1538 1073 Video
1567 1029 1714 1072 virum
1747 1045 1849 1074 esse

208 1089 412 1140 doctum,
438 1095 483 1131 et
505 1090 673 1132 habere
696 1089 881 1145 linguae
904 1088 1112 1144 gratiam,
1139 1090 1219 1132 sed
1242 1096 1555 1156 praeterquam
1573 1089 1722 1156 quod
1712 1103 1846 1133 111116-

208 1147 278 1190 1115
300 1155 385 1201 est,
411 1149 560 1190 adhuc
582 1162 741 1192 vocem
762 1124 932 1192 etiamD
944 1149 1081 1191 habet
1115 1148 1298 1201 exilem,
1325 1157 1395 1202 vt,
1421 1149 1507 1191 nisi
1531 1149 1631 1203 quis
1662 1148 1849 1215 propius

209 1207 348 1261 adsit,
380 1207 426 1249 in
460 1214 550 1250 tam
582 1209 728 1274 ampla
760 1207 976 1261 ecclesia,
1009 1207 1153 1263 qualis
1182 1215 1250 1251 est
1288 1208 1583 1264 eibingensis,
1615 1208 1848 1264 percipere

209 1268 347 1311 verba
365 1281 457 1309 non
475 1267 630 1322 possit.
649 1269 956 1323 Quamobrem
976 1268 1156 1323 gaudeo
1170 1268 1351 1322 quidem
1370 1268 1495 1310 illum
1515 1269 1604 1310 huc
1622 1283 1722 1311 esse
1740 1267 1849 1310 mis-

210 1341 328 1378 sum,
361 1327 442 1370 sed
471 1328 593 1381 quod
624 1341 706 1382 pro
736 1341 825 1369 vno
858 1326 995 1369 misso
1027 1328 1118 1370 duo
1151 1334 1451 1383 reposcuntur
1481 1327 1608 1381 hinc,
1636 1327 1850 1369 nimirum

212 1387 265 1429 P.
287 1387 450 1429 Petrus
473 1393 517 1430 et
541 1387 592 1428 P.
616 1387 850 1429 Balthasar
869 1387 900 1438 ³,
927 1401 1017 1428 non
1040 1393 1108 1429 est
1131 1388 1253 1441 quod
1276 1388 1517 1442 gaudeam,
1539 1400 1623 1429 nec
1643 1394 1711 1429 est
1729 1387 1852 1441 quod

209 1460 344 1501 agam
367 1445 552 1501 gratias.
587 1446 842 1488 Promissus
876 1445 986 1488 mihi
1018 1446 1190 1501 pridem
1225 1446 1307 1488 fvit
1340 1448 1391 1488 P.
1419 1446 1647 1489 Henricus
1676 1445 1852 1501 Dyoni—

210 1505 327 1556 sius,
354 1519 503 1559 neque
532 1512 683 1548 tamen
713 1507 935 1548 hactenus
968 1505 1132 1548 missus
1161 1512 1252 1557 est,
1280 1520 1413 1560 quem
1444 1506 1480 1548 si
1511 1506 1692 1560 quando
1721 1505 1853 1548 nobis

210 1564 379 1608 habere
400 1564 601 1616 licuerit,
628 1580 718 1607 non
747 1579 908 1607 recuso
931 1565 1039 1620 quin
1063 1566 1114 1607 P.
1143 1566 1306 1608 Petrus
1338 1572 1593 1608 reuocetur.
1621 1564 1854 1620 Quamdiu

212 1638 320 1667 vero
342 1638 432 1666 non
457 1624 631 1667 Venerit
649 1624 739 1675 ille,
766 1638 935 1679 quaeso
954 1625 1113 1667 Rdam.
1137 1625 1188 1666 P.
1211 1626 1268 1667 V.
1290 1632 1339 1666 vt
1358 1625 1463 1667 mihi
1482 1625 1534 1666 P.
1558 1626 1743 1666 Petrum
1762 1639 1854 1666 non

212 1682 388 1739 eripiat,
404 1698 461 1725 ne
475 1683 682 1727 videatur
700 1683 1035 1739 elbingensium
1052 1683 1202 1735 saluti,
1216 1698 1330 1738 quos
1342 1683 1525 1727 Christo
1542 1683 1853 1726 lucrifaciendi

213 1757 292 1798 per
314 1757 417 1785 eum
441 1757 544 1798 spes
566 1743 836 1795 ostenditur,
863 1742 1081 1787 invidere.
1109 1745 1280 1799 Magno
1303 1759 1375 1787 me
1398 1744 1552 1786 dolore
1575 1745 1791 1794 afficeret,
1814 1742 1852 1785 si

212 1809 434 1858 perstaret
456 1803 501 1844 in
524 1804 611 1845 hac
639 1802 758 1845 illius
786 1803 1096 1847 reuocatione.
1125 1805 1230 1846 Mea
1259 1802 1577 1846 benedictione
1606 1818 1696 1845 non
1727 1802 1852 1857 prius

213 1861 525 1917 proficiscetur
548 1877 637 1917 quo
660 1862 839 1905 iusserit
862 1864 915 1905 R.
943 1863 992 1905 P.
1017 1864 1094 1915 V.,
1121 1877 1257 1917 quam
1280 1863 1332 1905 Ρ.
1355 1862 1583 1906 Η611116115
1605 1861 1853 1917 Dyonisius

213 1922 270 1963 ad
293 1936 375 1964 nos
396 1922 588 1974 venerit,
615 1936 719 1964 cum
743 1921 1005 1977 praesertim
1034 1922 1219 1965 alterius
1247 1921 1383 1964 etiam
1412 1921 1611 1965 ciuitatis
1641 1922 1851 1977 magnae,

213 1994 331 2035 quae
354 1995 445 2022 non
469 1982 661 2023 multum
687 1981 969 2037 Antuerpiae
992 1981 1135 2033 cedit,
1163 1981 1346 2024 Christo
1370 1981 1721 2024 lucrifaciendae
1753 1994 1857 2036 spes

215 2040 364 2094 aliqua
396 2041 582 2083 subesse
620 2041 842 2084 videatur.
879 2040 985 2085 Scio
1023 2041 1148 2095 quod
1184 2056 1317 2084 nemo
1355 2055 1428 2082 me
1466 2041 1612 2096 magis
1651 2039 1853 2095 impedit,

215 2113 350 2154 quam
374 2101 426 2142 R.
457 2102 507 2142 P.
536 2100 725 2151 Natalis,
751 2101 807 2143 de
829 2115 920 2154 quo
944 2107 1095 2144 tamen
1118 2100 1306 2144 meritus
1330 2100 1375 2142 id
1393 2115 1492 2143 esse
1514 2115 1605 2142 non
1622 2100 1793 2143 videor.
1816 2100 1860 2141 Is

214 2159 390 2200 nullum
419 2160 474 2201 ad
504 2174 576 2202 me
608 2160 746 2212 mitti,
773 2160 884 2214 quin
916 2167 960 2202 et
992 2174 1093 2213 eos,
1118 2159 1195 2214 qui
1227 2159 1351 2202 missi
1384 2167 1512 2211 sunt,
1539 2166 1719 2214 ereptos
1748 2157 1857 2200 mihi

215 2217 355 2273 cupit.
384 2219 534 2261 Solam
558 2234 657 2263 esse
675 2226 804 2275 putat
823 2219 1094 2271 Flandriam,
1116 2233 1232 2275 quae
1250 2220 1362 2262 tales
1380 2219 1507 2261 verbi
1525 2218 1609 2262 Dei
1627 2217 1859 2260 ministros

215 2278 386 2320 habere
409 2278 587 2329 debeat,
614 2293 718 2320 cum
744 2286 895 2321 tamen
918 2293 1062 2334 aeque
1084 2293 1164 2334 pro
1188 2278 1321 2321 nobis
1344 2277 1596 2334 pruthenis,
1619 2288 1756 2332 atque
1775 2291 1856 2332 pro

214 2336 416 2389 flandris,
436 2337 704 2392 sanguinem
724 2353 857 2380 suum
877 2337 1086 2381 Christus
1104 2337 1370 2393 profuderit,
1392 2351 1477 2380 nec
1495 2337 1641 2391 magis
1659 2338 1716 2379 ad
1732 2336 1851 2387 illos,

216 2410 354 2451 quam
379 2396 434 2438 ad
457 2411 554 2448 nos,
580 2397 777 2451 pretium
800 2399 886 2440 hoc
914 2397 1236 2453 redemptionis
1266 2397 1490 2453 pertinere
1513 2396 1736 2440 videatur.
1763 2395 1855 2439 Sed

215 2469 306 2511 ego
335 2455 516 2511 longior
537 2470 635 2499 esse
664 2457 783 2498 nolo.
810 2458 927 2500 Nam
955 2472 1011 2500 ex
1039 2458 1092 2500 R.
1120 2458 1171 2499 P.
1198 2456 1428 2499 Francisci
1446 2459 1460 2476 ⁴
1484 2456 1644 2498 litteris
1673 2462 1854 2497 caetera

216 2522 478 2570 cognoscet.
507 2516 609 2557 Hoc
634 2522 809 2558 tantum
833 2517 1010 2559 addam:
1037 2516 1074 2558 si
1097 2515 1205 2559 mihi
1229 2517 1281 2559 P.
1307 2517 1471 2558 Petrus
1493 2522 1676 2570 ereptus
1700 2513 1853 2566 fuerit,

218 2580 264 2616 et
286 2588 423 2617 secus
444 2581 601 2630 postea
623 2589 694 2618 res
718 2574 940 2631 Elbingae
964 2575 1199 2628 ceciderit,
1227 2590 1362 2631 quam
1390 2590 1623 2631 speramus
1653 2581 1697 2618 et
1726 2580 1856 2629 opta-

287 2703 297 2723 ¹
350 2704 408 2738 Ex
426 2704 654 2751 archetypo,
672 2704 713 2739 in
734 2703 829 2739 cod.
853 2704 911 2748 38,
929 2704 1074 2750 duplici
1089 2703 1181 2750 fol.,
1201 2713 1267 2749 190
1282 2705 1396 2750 (186).
1415 2704 1515 2739 Vide
1531 2703 1697 2750 append.
1714 2702 1857 2746 XLVI;

218 2763 307 2798 LVI
332 2763 410 2804 (bi83
431 2769 471 2799 et
492 2763 592 2798 LIX.

287 2825 301 2844 ‘²
353 2822 723 2858 Widmanstadium.
745 2822 846 2858 Vide
866 2822 983 2869 epist.
1011 2832 1094 2869 492,
1116 2834 1154 2857 n.
1183 2831 1213 2857 Ι.

287 2882 301 2901 ³
352 2881 492 2916 Petrus
513 2881 616 2916 Phae
635 2887 674 2917 et
692 2882 895 2916 Balthasar
913 2881 1174 2916 Hostovinus.

286 2942 301 2962 ⁴
352 2941 397 2975 P.
423 2940 654 2976 Franciscus
672 2940 805 2987 Sunye
824 2939 935 2985 (alias
950 2939 1106 2985 Sunier,
1125 2939 1341 2975 Sunnerius
1361 2939 1571 2984 etc.)‘Vide
1591 2938 1675 2986 ejus
1691 2949 1855 2974 examen

216 2999 257 3034 in
275 2999 404 3047 Epist.
426 2999 582 3044 Natal.,
603 3000 655 3046 ΙΙ,
675 3007 759 3045 549.
