2101 3348
870 208 1090 244 APPENDIX
1679 208 1750 253 807

161 324 281 362 mus,
305 309 451 353 dicam
475 325 563 367 ego
586 324 787 366 quoque:
813 311 1014 355 Mundus
1031 325 1130 354 sum
1149 325 1175 354 a
1196 310 1421 367 sanguine
1442 309 1795 366 elbingensium.

162 371 268 412 Non
291 369 410 413 enim
427 370 687 426 subterfugi
709 372 737 423 ¹,
759 370 867 425 quin
885 370 1036 413 omnia
1053 372 1250 414 facerem
1268 371 1325 413 ad
1342 370 1441 413 illos
1457 370 1639 413 Christo
1659 369 1796 412 lucri—

165 428 411 482 faciendos,
438 444 554 484 quae
575 428 719 485 potui:
741 429 797 472 sit
820 430 1007 486 sanguis
1029 429 1206 472 illorum
1229 444 1364 485 super
1386 444 1463 473 eos
1487 430 1519 481 ⁶³,
1540 429 1617 483 qui
1635 430 1688 473 P.
1709 430 1797 473 Pe-

164 495 283 530 trum
306 487 412 530 hinc
434 496 703 532 auocarunt.
729 490 852 544 Opto
875 491 1035 533 Rdam.
1061 490 1114 534 Ρ.
1140 491 1198 534 V.
1218 490 1336 532 bene
1352 490 1518 540 valere,
1545 488 1676 531 cuius
1693 503 1798 544 pre-

164 547 293 590 cibus
323 554 368 589 et
400 548 636 602 sacrificijs
664 563 737 592 me
765 548 1006 604 diligenter
1037 549 1321 593 commendo.
1355 550 1525 591 Datum
1558 562 1614 590 ex
1647 555 1798 590 castro

162 620 263 650 meo
293 606 586 663 Heilsbergk,
615 617 637 661 5
656 607 874 664 Januarij,
901 610 961 652 A.
986 610 1045 652 D.
1077 609 1203 662 1568.
1228 609 1386 651 Frater
1408 607 1455 649 in
1477 607 1676 659 Christo,

654 668 972 719 STANISLAUS,
998 681 1284 711 CARDINALIS
1308 680 1615 711 VARMIENSIS.

248 726 492 780 Inscriptio
516 726 562 767 z'rz
593 730 758 780 quarta
780 728 962 782 pagina
981 741 993 768 .·
1016 728 1131 771 Rdo.
1157 726 1204 768 in
1226 726 1411 769 Christo
1440 725 1586 778 Patri,
1612 724 1796 767 domino

146 786 193 828 -F
196 784 399 827 rancisco
429 784 619 840 Borgia,
646 786 696 829 S.
722 785 961 828 Societatis
984 787 1129 842 Jhesu
1162 785 1419 841 praeposito
1447 784 1673 841 generali,
1698 790 1788 828 etc.

156 844 283 886 fratri
320 843 366 886 in
405 843 587 887 Christo
624 844 863 887 charisimo
896 852 941 889 et
973 846 1256 889 honorandO.
1288 847 1447 889 Roma.
1482 846 1591 886 Alia
1627 858 1788 887 manu.

153 904 182 961 †
201 919 261 962 m.
281 919 327 959 p.
347 919 389 948 e.
406 904 465 945 Et
481 904 590 945 alia:
610 905 736 957 1568.
752 905 805 947 C.
826 904 1092 960 Heilberga.
1113 905 1240 948 ΙΙΙ.ιῃο
1257 904 1486 947 cardinale
1504 903 1788 947 warmiense.

155 974 177 1017 5
203 963 248 1005 di
271 964 504 1007 GennarO.
529 963 688 1019 sigilli
710 964 974 1019 vestigizmz.

894 1077 1041 1119 LXIV

722 1166 752 1199 F
767 1166 798 1200 E
813 1166 845 1199 R
860 1166 895 1199 D
913 1166 928 1199 I
945 1166 979 1199 N
996 1165 1029 1199 A
1046 1165 1080 1199 N
1096 1166 1129 1199 D
1146 1166 1181 1201 U
1198 1164 1224 1199 S

770 1236 971 1271 Archidux
992 1236 1174 1271 Austriae

471 1322 682 1361 JOANNI
723 1323 1037 1352 FRANCISCO
1086 1321 1472 1352 COMMENDoNo

579 1396 853 1453 Oeniponte‚
883 1410 906 1451 3
931 1396 1167 1440 Februarii
1197 1396 1305 1450 1568
1330 1397 1362 1440 ⁵.

147 1479 396 1515 Facultatem
431 1480 505 1515 sibi
529 1480 752 1526 procurari
776 1480 896 1525 petit,
932 1482 974 1513 ut
1004 1479 1135 1524 aliqui
1166 1478 1374 1514 Societatis
1403 1479 1622 1513 sacerdotes
1652 1476 1787 1512 Halae

185 1541 311 1586 prope
329 1551 476 1574 novum
496 1540 785 1574 monasterium
802 1539 983 1574 habitare
1002 1542 1038 1574 et
1062 1551 1179 1573 sacra
1198 1539 1427 1574 ministeria
1446 1538 1551 1573 obire
1575 1539 1736 1582 queant.

322 1618 462 1660 Porro
500 1617 546 1659 in
573 1617 699 1661 hisce
727 1616 898 1659 sanctis
927 1616 1086 1671 officijs
1116 1617 1341 1658 hactenus
1368 1615 1477 1671 ipsis
1507 1613 1801 1669 charissimis·

146 1676 377 1719 sororibus
400 1677 568 1719 nostris
589 1692 668 1732 per
697 1677 956 1720 sacerdotes
987 1690 1042 1718 ex
1066 1675 1258 1731 collegio
1282 1675 1452 1717 ordinis
1475 1676 1531 1718 de
1554 1674 1784 1718 Societate

142 1738 268 1793 Jesu,
294 1736 368 1778 hic
391 1736 629 1789 existente,
654 1736 716 1778 ita
739 1735 957 1778 seruitum
991 1743 1036 1779 et
1068 1735 1349 1777 satisfactum
1381 1741 1471 1785 est,
1504 1740 1551 1775 vt
1580 1733 1780 1788 ipsorum

146 1795 267 1839 vitae
289 1795 565 1851 integritate,
591 1803 636 1838 et
658 1795 703 1837 in
725 1795 868 1838 sacris
889 1795 1049 1837 litteris
1072 1794 1278 1837 doctrina
1294 1793 1513 1849 singulari
1536 1794 1675 1848 probe
1692 1792 1780 1834 iam

145 1862 398 1910 perspecta,
424 1857 716 1898 vehementer
737 1855 994 1897 desiderent
1024 1854 1158 1897 etiam
1188 1854 1333 1896 Halae
1357 1867 1496 1908 prope
1524 1853 1672 1894 locum
1696 1853 1782 1893 ha-

146 1913 375 1956 bitationis
408 1929 517 1958 suae
545 1914 716 1968 aliquot
744 1914 920 1957 illorum
951 1913 1016 1954 uti
1044 1913 1294 1957 sacellanos
1322 1920 1366 1955 et
1400 1911 1780 1954 confessionarios

145 1973 239 2030 [sic]
262 1988 368 2016 suos
391 1980 650 2029 praesentes
672 1975 855 2017 habere.
882 1973 972 2017 Sed
996 1987 1099 2014 cum
1128 1972 1216 2014 illis
1244 1973 1299 2014 de
1331 1971 1557 2016 Societate
1574 1973 1683 2028 Jesu
1707 1970 1777 2012 in—

145 2040 325 2088 tegrum
349 2048 439 2075 non
462 2033 520 2075 sit
542 2033 586 2074 id
604 2033 701 2075 sine
719 2032 922 2077 Reuer.di
944 2032 1090 2074 Patris
1109 2031 1340 2074 Francisci
1358 2030 1540 2086 Borgia,
1564 2038 1777 2084 tanquam

142 2091 340 2147 ipsorum
370 2091 614 2148 praepositi
637 2092 879 2147 generalis,
912 2106 1139 2134 consensu
1167 2098 1212 2134 et
1244 2089 1582 2146 dispensatione
1612 2090 1777 2140 facere,

139 2153 234 2194 Nos
257 2151 425 2207 optima
446 2151 716 2195 Dilectionis
739 2158 916 2194 vestrae
938 2151 1068 2193 nobis
1091 2149 1378 2206 gratificandi
1407 2150 1644 2192 voluntate
1666 2162 1777 2191 con--

139 2210 226 2263 fisi,
252 2212 309 2254 ad
331 2211 521 2255 eandem
544 2213 628 2254 hac
651 2211 708 2253 de
730 2226 778 2254 re
801 2211 1091 2253 scribendum
1115 2210 1344 2253 duximus.

900 2337 1026 2379 LXV

606 2425 650 2460 S.
684 2424 1014 2461 FRANCISCUS
1041 2425 1111 2459 DE
1137 2423 1307 2470 BORJA

536 2517 736 2547 PATRI
782 2516 1079 2546 NICOLAO
1123 2515 1377 2545 LANOIO

625 2595 810 2645 Romae,
839 2603 861 2647 5
886 2592 1120 2636 Februarii
1149 2592 1258 2646 1568
1277 2591 1311 2635 ⁴².

232 2684 284 2720 Ut
301 2684 469 2731 reginae
486 2683 757 2731 IVIczgdczlenae
775 2683 945 2717 suadere
963 2682 1137 2725 nitatur,
1157 2693 1204 2716 ne
1223 2681 1330 2716 dona
1354 2679 1518 2726 collegio
1537 2678 1685 2712 mittat.

295 2748 442 2792 Dicali
470 2751 616 2793 anche
644 2750 702 2793 V.
734 2750 790 2792 R.
824 2748 935 2805 (alla
964 2746 1251 2791 serenissima
1279 2748 1338 2790 D.
1366 2743 1658 2800 Magdalena)
1688 2744 1774 2784 che

200 2881 210 2900 ¹
264 2881 368 2916 ACT.
389 2888 541 2916 APOST.
555 2908 564 2926 ,
582 2880 670 2926 XX,
690 2880 749 2923 26,
770 2887 831 2924 27.
1158 2880 1172 2899 ‘2
1224 2877 1411 2921 MATTH.‚
1431 2874 1590 2917 XXVII,
1611 2882 1670 2916 25.

200 2941 214 2961 ⁵
264 2940 322 2974 Ex
341 2940 566 2986 archetypo,
589 2939 629 2974 in
647 2938 732 2974 cod.
755 2938 882 2974 Vati‘c.
900 2937 1105 2983 Epistolae
1115 2936 1369 2982 principum,
1385 2933 1447 2978 26,
1462 2932 1528 2967 fol.
1547 2939 1593 2975 70
1606 2935 1645 2965 et
1659 2941 1770 2976 seqq.

201 3001 216 3021 ⁴
265 3000 324 3034 Ex
342 2999 531 3045 Regesto,
554 2997 650 3034 Cod.
671 3009 714 3044 33
730 2998 795 3045 g),
816 2997 856 3032 ff.
880 3004 946 3040 107
966 3007 1002 3042 v,
1028 2995 1112 3031 108.
1137 2994 1237 3029 Vide
1257 3003 1351 3039 pag.
1379 3001 1459 3027 120.
