2101 3348
813 204 855 239 18
881 205 992 251 JuLn
1020 202 1111 249 1573
1655 201 1726 236 663

141 321 230 349 con
253 312 408 349 entera
430 305 574 357 salud,
601 309 626 348 3
647 320 701 348 su
723 320 878 362 mayor
901 305 1059 362 gloria,
1092 321 1121 361 y
1150 319 1238 361 que
1270 305 1326 348 V.
1363 305 1437 356 R.,
1479 317 1608 346 como
1643 318 1774 347 acos—

143 382 382 424 tumbrado
401 380 456 440 [a]
478 388 498 408 a
524 382 667 425 lleuar
682 383 726 424 13
744 397 897 439 carga,
914 381 1107 437 reciuira
1123 388 1219 425 esta
1235 396 1321 424 con
1337 395 1391 423 su
1409 379 1539 423 solita
1556 379 1774 435 patientia

142 474 172 514 y
195 458 426 501 charidad.
458 459 658 502 Denosla
686 473 793 521 muy
823 459 1005 515 copiosa
1029 463 1054 502 a
1077 460 1205 502 todos
1229 473 1282 501 su
1307 457 1459 500 diuina
1489 456 1639 513 Mag.d
1666 472 1772 512 para

143 550 232 591 que
254 534 608 591 perfectamente
629 535 671 578 16
693 535 929 579 siruamos.
955 536 1106 578 Todos
1128 549 1229 578 esos
1252 535 1422 577 Padres
1439 548 1487 577 se
1510 533 1770 578 encomien-

141 613 246 664 dan,
273 619 358 655 etc.
385 613 455 654 De
477 613 636 664 Roma,
664 626 688 666 3
712 613 768 656 de
798 613 1004 656 Octubre
1031 622 1157 667 1572.

228 690 299 732 De
321 688 363 730 13
385 687 647 731 intimacion
669 703 758 744 que
781 691 836 732 V.
864 691 917 732 R.
944 691 1002 732 ha
1025 690 1081 733 de
1103 691 1238 733 hazer
1255 693 1280 731 a
1301 689 1368 731 los
1385 687 1701 745 prouinciales,
1722 687 1773 729 ni

139 766 196 807 de
217 774 339 808 otros
361 765 580 821 negocios
603 780 661 808 no
689 768 830 808 haura
853 781 940 821 que
963 766 1084 809 dezir
1106 781 1163 809 66
1185 773 1296 818 esta,
1322 780 1450 822 pues,
1477 780 1608 808 como
1637 779 1767 820 espe-

137 857 302 895 ramos,
329 843 499 885 hallara
522 841 578 900 [a]
602 845 658 887 V.
686 845 740 886 R.
766 848 862 886 mas
884 858 1014 887 cerca
1030 844 1086 886 de
1104 845 1246 886 Roma
1269 858 1358 898 que
1380 844 1437 887 de
1460 845 1704 887 Macerata.

894 985 1011 1025 554

579 1070 632 1111 P.
666 1070 1078 1113 HIERONYMUS
1111 1069 1330 1112 NADAL

436 1157 607 1192 PATRI
640 1157 964 1194 EVERARDO
997 1156 1469 1202 MERCURIANO-(?)

656 1243 839 1276 TYBURE,
863 1234 904 1269 18
923 1243 1023 1277 JUL11
1044 1234 1133 1279 1573
1151 1233 1196 1279 (?)
1216 1234 1242 1269 ¹.

297 1311 540 1358 Catalogum
558 1312 801 1358 scriptorum
820 1314 856 1346 ei
874 1312 1178 1357 occupationum
1196 1323 1366 1346 suarum
1380 1312 1609 1357 praeposito

774 1370 964 1417 generali
982 1371 1120 1405 mittit.

222 1461 365 1503 Molto
389 1461 503 1504 Rdo.
533 1462 584 1503 P.
606 1462 664 1504 N.
686 1460 733 1503 in
751 1462 871 1516 Xpo.
896 1463 991 1503 Pax
1009 1461 1083 1503 Χ.ἰ
1111 1467 1197 1505 etc.
1220 1462 1275 1503 V.
1300 1462 1353 1502 P.
1374 1460 1434 1502 mi
1457 1460 1660 1516 perdoni,
1681 1462 1767 1503 che

132 1552 225 1580 non
250 1537 313 1594 gli
336 1538 471 1580 lassai
495 1539 598 1593 quel
621 1538 834 1594 catalogo
863 1539 947 1580 che
976 1537 1080 1580 lessi
1108 1553 1134 1581 a
1156 1539 1213 1580 V.
1241 1539 1291 1580 P.
1315 1553 1322 1579 :
1350 1539 1449 1581 sera
1478 1551 1563 1579 con
1587 1544 1761 1593 questa.

134 1616 420 1670 Resceuerey
442 1615 615 1658 charita
643 1629 692 1659 se
720 1629 811 1657 non
839 1615 882 1657 10
912 1614 1147 1657 mostrassi
1176 1630 1201 1657 a
1230 1613 1352 1667 altri,
1378 1615 1544 1670 perche
1567 1614 1627 1655 mi
1656 1629 1764 1670 pare

133 1699 391 1747 arrogante,
417 1700 461 1735 et
482 1693 612 1734 basta
633 1694 717 1746 che
739 1693 781 1734 la
804 1694 856 1734 P.
884 1693 940 1735 V.
967 1691 1094 1747 sappi
1117 1691 1180 1747 gli
1204 1690 1307 1734 miei
1337 1690 1484 1735 difetti
1506 1706 1586 1747 per
1609 1705 1763 1734 emen-

132 1768 294 1824 dargli,
321 1776 365 1811 et
388 1768 527 1813 cierto
550 1770 628 1812 nol
650 1769 880 1812 mandarei
902 1783 951 1812 se
973 1783 1064 1810 non
1091 1768 1273 1812 hauessi
1302 1767 1558 1824 significato
1579 1769 1764 1812 volerne

132 1846 279 1901 copia.
307 1847 462 1890 Sonno
485 1846 657 1902 pentito
679 1848 735 1890 de
763 1848 905 1889 hauer
936 1845 1093 1888 scritto
1125 1852 1249 1889 tante
1279 1860 1398 1889 cose.
1433 1846 1537 1888 Non
1567 1847 1695 1888 altro.
1727 1847 1762 1888 11

130 1923 299 1980 Signor
322 1922 387 1966 sia
410 1936 495 1965 con
518 1924 574 1966 V.
603 1924 653 1965 P.
677 1930 722 1965 et
744 1937 830 1965 606
860 1922 980 1964 tutti.
1014 1922 1172 1966 Saluto
1196 1936 1350 1964 omnes
1374 1923 1431 1964 P.
1466 1923 1514 1964 in
1543 1923 1758 1965 Domino.

125 2002 196 2043 De
220 2000 410 2055 Tyburi,
443 2000 492 2042 18
516 1999 560 2042 di
583 1999 752 2043 Giulio.
779 2001 837 2042 D.
865 2001 921 2043 V.
950 2001 1002 2042 P.
1031 2013 1165 2043 seruo
1188 1999 1234 2042 in
1256 1999 1357 2051 X.0‚

1191 2077 1219 2133 †
1251 2077 1437 2159 NAp-AL.
1474 2075 1504 2133 ·1-

1348 2160 1355 2192 t

197 2257 217 2276 a
255 2249 417 2294 Regest.
439 2247 564 2283 omitt.
592 2248 690 2283 hane
708 2247 949 2294 particulam.

197 2338 207 2358 ¹
259 2339 317 2373 Ex
335 2338 588 2384 autographo,
607 2337 647 2372 in
666 2338 794 2385 Epist.
820 2337 974 2381 Natal„
996 2337 1047 2381 ΙΙ,
1072 2337 1186 2372 unico
1210 2337 1294 2383 fol„
1317 2337 1395 2382 189.
1426 2336 1591 2372 Accedit
1614 2337 1756 2372 scheda

125 2408 214 2432 cum
232 2398 408 2443 catalogo
432 2397 675 2444 scriptorum,
704 2397 770 2432 ubi
795 2396 912 2432 etiam
941 2408 1029 2432 suas
1055 2396 1329 2443 occupationes
1353 2396 1598 2443 quotidianas
1623 2408 1756 2431 recen-

125 2462 198 2491 set.
221 2458 400 2502 Quonam
420 2468 520 2491 anno
538 2457 634 2491 haec
652 2456 795 2502 scripta
819 2455 978 2501 fuerint,
1003 2467 1080 2490 non
1104 2460 1270 2490 constat.
1299 2455 1398 2491 Cum
1422 2461 1552 2490 autem
1577 2455 1677 2490 inter
1701 2457 1754 2490 lu-

122 2516 370 2551 cubrationes
400 2527 489 2550 suas
519 2520 723 2550 recenseat
753 2514 902 2550 Natalis
928 2520 1134 2549 tractatum
1165 2520 1298 2550 contra
1328 2514 1602 2560 Hesshusium,
1634 2514 1756 2561 liquet

120 2585 197 2609 non
215 2579 304 2609 ante
323 2574 469 2620 Julium
488 2574 578 2609 anni
600 2574 690 2619 1569
713 2574 809 2608 haec
833 2574 976 2620 scripta
1000 2572 1134 2617 fuisse,
1164 2585 1210 2609 eo
1235 2573 1338 2620 quod
1363 2573 1457 2609 illud
1481 2585 1577 2619 opus
1602 2584 1753 2619 compo-

119 2633 197 2668 suit
227 2633 376 2668 Natalis
408 2633 447 2669 in
477 2634 612 2669 ultima
642 2633 872 2669 1ustratione
903 2632 1136 2669 Germaniae
1168 2638 1207 2668 et
1238 2633 1404 2677 Galliae,
1439 2644 1553 2679 quam
1585 2633 1754 2667 absolvit

118 2703 251 2727 mense
271 2692 503 2739 Septembre
520 2692 611 2727 anni
633 2692 735 2736 1568.
758 2692 858 2726 Vide
883 2691 998 2738 epist.
1024 2691 1107 2736 518,
1133 2704 1177 2727 11.
1207 2700 1241 2736 5;
1269 2698 1308 2727 et
1333 2701 1413 2737 529,
1437 2704 1475 2727 n.
1506 2701 1537 2727 1.
1566 2691 1753 2736 Aliunde,

115 2761 205 2785 curn
224 2750 326 2786 inter
343 2751 500 2786 diurnos
520 2752 672 2787 labores
692 2763 783 2786 suos
807 2756 997 2797 proponat
1024 2751 1196 2786 scribere
1225 2751 1496 2786 annotationes
1521 2751 1560 2786 in
1585 2741 1752 2796 evange-

117 2809 181 2850 lia,
200 2821 299 2856 quae
323 2811 479 2857 quidem
497 2811 609 2846 annis
637 2819 838 2855 1574-1577
863 2810 1027 2856 perfecit
1052 2811 1091 2846 in
1116 2811 1340 2856 Germania,
1366 2811 1489 2858 liquet
1513 2812 1650 2845 saltem
1675 2821 1753 2845 non

118 2873 206 2914 post
231 2869 376 2914 Juliurn
395 2870 484 2905 anni
505 2870 595 2915 1573
619 2871 718 2906 hanc
743 2870 946 2917 epistolam
970 2869 1098 2906 datam
1123 2870 1258 2915 fuisse3
1284 2882 1373 2906 nam
1392 2870 1588 2917 profectus
1614 2869 1686 2904 fuit
1712 2868 1756 2903 in

120 2927 370 2963 Germaniam
389 2941 522 2965 mense
540 2929 642 2976 Majo
660 2930 752 2965 anni
774 2937 877 2974 1574.
