2101 3348
317 209 385 253 278
836 209 974 245 EPIST.
1002 207 1047 242 P.
1074 206 1266 243 NADAL-
1275 215 1341 252 441

267 310 398 364 quale
421 309 675 352 aiutandosi
698 310 826 364 potra
848 323 972 353 esser
994 308 1246 351 rimandato
1269 308 1315 351 in
1343 310 1603 362 Germania,
1632 312 1796 366 perche
1818 327 1893 368 po-

267 386 351 429 tria
374 401 495 430 esser
519 386 598 428 vtil
622 386 667 428 in
690 386 836 429 aiutar
858 387 899 430 le
921 386 1091 430 scuole.
1119 387 1152 429 Il
1175 385 1343 442 Signor
1371 386 1435 430 sia
1464 401 1547 430 con
1570 388 1661 431 noi.
1694 389 1793 431 Ora
1810 395 1902 445 pro

270 463 404 515 nobis,
424 464 583 506 Pater.
609 463 664 506 Di
692 464 926 519 Inspruch,
955 475 1010 506 20
1033 463 1090 507 de
1113 464 1308 508 Ottobre
1337 465 1461 518 1566.
1490 465 1635 509 Seruo
1656 465 1702 508 in
1732 468 1833 519 X.⁰‚

1299 546 1328 605 †
1359 549 1591 665 NATA†LIS.
1631 549 1660 607 ψ

353 694 595 749 Inscriptio
613 709 641 736 a
664 697 809 752 tergo,
835 696 1020 738 Natalis
1037 710 1196 738 manu:
1218 695 1246 753 ἧ-
1270 697 1313 739 Α
1336 704 1494 739 nostro
1525 698 1685 741 Padre.

1031 809 1136 848 2141

708 881 760 922 P.
802 881 1214 925 HIERONYMUS
1247 881 1465 925 NADAL

611 954 854 993 SANCTO
881 956 1230 994 FRANCISCO
1258 958 1335 992 DE
1361 957 1554 1004 BORJA

725 1020 988 1065 OENIPONTE‚
1011 1031 1052 1058 21
1074 1031 1281 1059 OCTOBRIS
1303 1023 1393 1068 1566
1416 1027 1438 1058 ¹.

264 1086 381 1121 Catal
385 1098 484 1133 ogas
505 1087 666 1134 collegii
685 1089 903 1134 pragensis
922 1088 1093 1123 Romam
1116 1090 1317 1124 mittitur:
1342 1091 1387 1124 de
1404 1089 1439 1135 J
1439 1101 1567 1125 oanne
1592 1090 1876 1126 vindobonensi
1883 1117 1897 1128 1

349 1158 378 1215 †
398 1159 539 1201 Molto
564 1159 678 1201 Rdo.
705 1159 751 1201 in
774 1161 889 1215 Xpo.
917 1161 1064 1205 Padre
1093 1168 1263 1205 nostro.
1298 1164 1393 1205 Pax
1422 1162 1527 1218 Xpi.
1562 1169 1648 1206 etc.
1675 1164 1851 1218 Questa
1873 1165 1904 1207 e·

263 1236 372 1277 fatta
396 1235 528 1290 dopoi
552 1235 595 1277 di
619 1236 783 1290 partite
805 1237 847 1280 le
864 1238 977 1282 altre
999 1238 1174 1292 lettere,
1200 1253 1279 1294 per
1301 1239 1515 1283 mandare
1547 1253 1635 1282 una
1658 1239 1760 1283 lista
1781 1241 1898 1284 delle

261 1326 452 1366 persone
475 1311 519 1354 di
546 1315 693 1368 Praga
724 1314 738 1333 ‘²
769 1315 854 1356 che
886 1315 1066 1358 haueuo
1095 1316 1420 1368 domenticato,
1455 1324 1499 1359 et
1529 1319 1674 1361 anche
1702 1332 1780 1373 per
1803 1317 1906 1360 dire-

263 1389 378 1431 della
402 1388 612 1431 missione
635 1390 708 1433 del
730 1391 906 1433 fratello
928 1391 1159 1435 Giouanni
1184 1392 1433 1445 viennensi,
1460 1393 1489 1435 il
1507 1395 1639 1449 quale
1655 1394 1900 1437 habbiamo

263 1465 577 1519 determinato,
602 1481 731 1511 come
752 1468 918 1511 vedera
935 1469 977 1511 la
1002 1471 1052 1512 P.
1081 1470 1159 1522 V,
1186 1471 1270 1513 che
1293 1485 1444 1526 uenga
1467 1485 1492 1513 a
1515 1473 1658 1514 Roma
1681 1488 1705 1515 a
1728 1472 1770 1514 la
1794 1486 1899 1527 pro—

264 1542 462 1594 batione,
489 1545 712 1598 passando
735 1559 814 1600 per
842 1546 1043 1589 Loretto.
1071 1548 1140 1590 Ne
1170 1547 1282 1590 altro
1306 1561 1468 1591 occore
1491 1548 1586 1591 dire
1608 1548 1652 1591 di
1676 1549 1765 1604 piu.
1801 1549 1899 1592 Ora

256 1624 345 1673 pro
363 1620 502 1672 nobis,
527 1622 689 1664 Pater.
716 1623 774 1665 D'
800 1624 1003 1679 Ispruch,
1030 1623 1103 1666 alli
1128 1637 1178 1668 21
1206 1625 1250 1667 d'
1283 1626 1478 1669 Ottobre
1511 1627 1636 1679 1566.
1670 1628 1725 1669 D.
1762 1628 1818 1670 V.
1847 1628 1899 1670 P.

263 1710 397 1739 seruo
422 1696 467 1739 in
491 1697 592 1751 X.0‚

1338 1785 1366 1842 †
1400 1787 1588 1830 NADAL.
1633 1786 1661 1842 †

1494 1877 1501 1902 1

351 1929 596 1984 Inscriptio
619 1932 668 1972 in
692 1935 857 1986 quarta
873 1934 1078 1990 pagina:
1094 1936 1225 1991 Jhus.
1254 1935 1312 1977 Al
1343 1936 1480 1977 molto
1499 1936 1607 1978 Rdo.
1629 1943 1785 1978 nostro
1810 1938 1898 1979 Pa-

263 2004 369 2047 dre
359 2020 404 2046 1n
422 2007 533 2060 Xpo.
556 2008 585 2049 il
605 2010 655 2050 P
679 2010 714 2051 F
717 2023 933 2053 rancesco
950 2010 1133 2067 Borgia,
1149 2011 1424 2068 preposito
1398 2013 1608 2061 oenerale
1625 2014 1742 2057 della
1760 2014 1901 2056 Com-

262 2082 426 2137 pagnia
446 2082 489 2124 di
509 2086 637 2140 Jesu‚
667 2094 754 2129 etc.
781 2088 829 2129 In
853 2089 1009 2131 Roma.
1036 2089 1144 2131 Alia
1162 2104 1319 2131 manu:
1348 2090 1474 2144 1566.
1501 2091 1701 2178 Ispruch.
1731 2092 1781 2133 Ρ
1805 2092 1875 2134 Na
1892 2116 1905 2122 κ

270 2159 373 2201 tale
402 2171 451 2202 21
480 2160 523 2202 di
547 2162 759 2207 Ottobre.
787 2164 840 2207 C.
877 2166 1127 2222 Vestigium
1151 2167 1312 2223 sigilli.

336 2303 345 2322 ¹
397 2302 457 2336 EX
481 2304 708 2350 archetypo,
729 2317 750 2340 a
769 2307 915 2351 Jacobo
939 2308 1133 2353 genuensi
1160 2314 1333 2355 exarato,
1353 2314 1392 2345 et
1416 2309 1566 2345 Natalis
1591 2322 1704 2345 manu
1730 2310 1897 2345 subseri-

263 2364 343 2405 pto,
363 2359 403 2395 in
422 2361 555 2407 Epist.
579 2362 721 2399 Natat.
734 2390 743 2407 ,
763 2365 812 2408 ΙΙ,
833 2365 977 2412 duplici
996 2367 1085 2410 fol.‚
1109 2367 1175 2412 153
1199 2368 1319 2413 (506).

332 2421 345 2440 ‘-'
397 2419 472 2455 Hic
496 2422 696 2468 catalogus
719 2428 758 2458 et
784 2424 848 2460 alii
874 2425 1048 2470 ejusdem
1079 2427 1280 2474 temporis,
1310 2428 1349 2463 in
1379 2429 1521 2476 quibus
1549 2428 1715 2464 subinde
1746 2428 1900 2464 Natalis

261 2488 397 2513 manus
416 2479 668 2527 conspicitur,
687 2481 724 2517 in
745 2483 816 2517 hoc
835 2485 1032 2520 volumine
1052 2497 1169 2533 saepe
1187 2498 1208 2521 a
1227 2487 1340 2522 nobis
1358 2488 1592 2533 allegantur.
