2101 3348
365 234 432 271 190
868 221 1007 256 EpisT.
1037 219 1080 254 P.
1109 217 1380 263 NADAL-415

312 343 341 383 y
362 328 405 368 lo
428 326 586 367 mismo
608 340 633 367 a
663 322 889 365 mostrado
913 325 938 363 a
977 321 1044 362 los
1083 320 1140 362 de
1163 319 1422 372 Monachi0‚
1457 334 1586 362 como
1608 334 1680 363 me
1716 319 1941 364 escriuen.

312 405 429 447 Creo
452 416 538 456 que
561 404 669 443 aura
693 398 877 454 perdicio
906 398 1098 453 algunas
1128 397 1332 440 sombras
1367 410 1455 452 que
1484 401 1604 440 tensa
1632 399 1689 441 de
1715 403 1939 450 nosotros,

310 493 441 523 como
463 485 585 521 estos
616 477 785 519 Padres
815 478 982 518 temian
1008 480 1044 517 a·
1079 475 1179 517 Por
1201 478 1294 516 esta
1316 488 1374 516 no
1402 488 1581 516 occorre
1609 478 1708 516 otra
1736 489 1852 517 cosa.
1885 474 1943 516 El

309 557 453 599 Setior
475 569 548 597 sea
579 568 659 595 con
688 556 905 595 nosotros.
946 551 1044 594 Ora
1069 556 1160 606 pro
1190 551 1330 603 nobis,
1354 553 1513 594 Pater.
1539 553 1609 594 De
1641 552 1858 608 Dilinga,
1886 562 1941 606 19

308 633 362 675 de
383 633 499 674 Iulio
524 633 652 685 1566.
679 632 749 672 De
783 631 830 672 V.
854 630 909 672 P.
936 642 1069 670 seruo
1092 641 1147 670 en
1171 629 1271 681 X.⁰‚

1401 711 1430 769 ΔΓ
1462 713 1643 755 NADAL.
1679 712 1707 769 †

396 863 706 919 Inscriptiouin
730 865 856 904 sexta
873 861 1072 917 pagina:
1096 858 1197 917 †A1
1212 860 1351 903 molto
1370 861 1486 903 Rdo.
1513 860 1559 903 in
1573 860 1755 904 Christo
1779 861 1942 912 padre,

305 942 337 984 il
360 941 506 984 Padre
530 942 591 984 M.
620 941 654 981 F
660 952 875 982 rancesco
896 938 953 980 de
978 936 1161 993 Borgia,
1183 936 1411 993 preposito
1429 938 1641 993 generale
1666 938 1782 982 della
1805 938 1945 981 Com-

306 1017 474 1074 pagnia
506 1017 550 1059 di
583 1015 780 1072 Giessi.†
811 1016 860 1057 In
890 1016 1047 1057 Roma.
1083 1014 1191 1056 Alia
1214 1029 1372 1056 manu:
1401 1015 1526 1069 1566.
1549 1014 1749 1071 Dilinga.
1777 1016 1829 1058 P.
1851 1015 1944 1058 Na-

308 1096 413 1139 tale.
446 1107 496 1151 19
515 1095 570 1138 de
589 1092 768 1149 Luglio.
796 1093 850 1135 C.
877 1092 1034 1148 Sigilli
1059 1092 1321 1148 vestigium.

1088 1186 1197 1225 415

754 1260 806 1302 P.
844 1258 1254 1302 HIERONYMUS
1286 1258 1504 1301 NADAL

648 1334 889 1372 SANCTO
924 1333 1270 1372 FRANCISCO
1306 1335 1382 1369 DE
1416 1334 1609 1381 BORJA

845 1408 1064 1444 D1L1NGAE‚
1086 1409 1131 1434 20
1149 1408 1251 1442 JUL11
1272 1400 1362 1444 1566
1383 1402 1406 1434 ¹.

308 1476 341 1502 Ι.
370 1467 486 1501 Libro
516 1466 669 1501 comitis
695 1466 877 1511 palatini
905 1476 985 1499 non
1016 1465 1354 1511 respondendum:
1379 1466 1554 1500 caesaris
1583 1477 1682 1512 erga
1714 1465 1947 1501 Societatem

356 1525 638 1561 benevolentia:
658 1524 806 1559 librum
835 1523 1053 1559 Clzemnitii
1077 1536 1198 1569 quam
1220 1525 1405 1571 primum
1431 1525 1743 1570 confutandum:
1766 1525 1813 1559 de
1838 1525 1949 1560 novis

357 1585 535 1631 collegiis
565 1584 817 1630 acceptandis
842 1584 1019 1618 nondum
1046 1584 1267 1629 quidquam
1292 1584 1420 1618 statui
1445 1587 1661 1630 posse.-—2.
1698 1584 1890 1631 Pontifex
1912 1587 1949 1619 et

355 1644 584 1679 cardinales
608 1644 654 1678 de
680 1642 791 1686 felici
814 1643 924 1677 exitu
949 1636 1163 1678 conventus
1187 1644 1413 1690 augustani
1431 1644 1673 1690 gaudent.-
1690 1653 1727 1689 3.
1751 1643 1812 1678 De
1835 1643 1949 1679 colle-

350 1704 448 1750 giis,
466 1703 687 1748 Herbipoli‚
710 1702 856 1749 Spirae
873 1705 909 1737 et
929 1702 1128 1738 Olomutii
1141 1703 1416 1738 instituendis:
1430 1703 1476 1737 de
1491 1703 1635 1738 itinere
1652 1703 1697 1737 P.
1722 1702 1892 1737 Thomae
1910 1704 1948 1737 et

356 1763 570 1810 sociorum:
590 1762 747 1797 litterae
767 1762 925 1796 indicae
943 1762 986 1796 in
1005 1773 1225 1797 sermonem
1251 1762 1427 1797 latinum
1447 1762 1684 1797 translatae.
1702 1783 1720 1786 —
1736 1772 1777 1806 4.
1804 1761 1946 1798 Caesa-

358 1822 416 1856 ris
434 1824 470 1856 et
488 1821 761 1867 imperatricis
785 1821 953 1867 epistola
973 1824 1049 1867 pro
1073 1820 1240 1868 collegio
1264 1831 1536 1865 romana—5.
1573 1822 1793 1868 leeologus
1816 1821 1947 1869 ingol-

357 1881 579 1922 stadiensis,
602 1880 752 1925 aliique
771 1880 814 1915 in
833 1880 1047 1926 collegium
1062 1881 1347 1927 germanicum
1367 1881 1570 1916 mittendi:
1594 1881 1743 1916 iterum
1762 1881 1809 1916 de
1834 1881 1946 1916 colle-

353 1940 437 1986 giis
456 1930 732 1984 herbipolensi,
751 1940 924 1985 spirensi
941 1942 977 1974 et
1000 1940 1256 1975 olomucensi:
1275 1941 1323 1975 de
1345 1939 1527 1987 Gaspare
1545 1941 1684 1987 anglo:
1703 1940 1947 1986 dispensatio

355 2002 433 2046 pro
463 1999 650 2045 pluribus
686 2000 926 2045 praebendis
959 2001 1213 2046 acceptandis
1246 2001 1295 2035 ab
1335 2012 1414 2036 uno
1453 2002 1663 2047 eodemque
1689 2001 1951 2036 canonico.—

359 2057 395 2093 6.
417 2058 635 2104 Episcopus
656 2058 845 2093 Surrenti
863 2062 898 2093 et
917 2060 1082 2094 auditor
1104 2059 1368 2095 Lancillottus
1385 2058 1753 2096 Societat‘is'amici:
1780 2061 1827 2095 de
1850 2060 1951 2095 votis

359 2117 606 2163 simplicibus
626 2117 832 2152 Societatis
852 2130 928 2152 non
948 2119 1146 2153 solvendis
1164 2119 1245 2154 nisi
1264 2131 1288 2153 a
1306 2130 1463 2154 summo
1477 2119 1665 2166 pontifice
1680 2132 1691 2154 .·
1718 2120 1766 2154 Ρ.
1793 2120 1898 2154 Pae'z
1915 2121 1952 2154 et

350 2174 525 2221 Jacobus
553 2176 815 2210 Valentianus
829 2188 917 2210 cum
939 2177 989 2211 Ρ.
1016 2176 1158 2212 Natali
1176 2178 1219 2212 in
1243 2178 1456 2212 Austriam
1481 2180 1707 2213 transeunt:
1732 2178 1894 2213 lectores
1915 2179 1952 2212 et

358 2234 616 2269 concionator
634 2235 916 2270 desiderantur
935 2236 979 2271 in
1000 2235 1225 2271 Germania
1243 2237 1463 2284 superiori.
1476 2246 1559 2282 -7.
1579 2238 1633 2272 Β.
1661 2236 1952 2284 Canisiuspro-

362 2292 563 2328 vincialis:
583 2294 757 2328 doctores
775 2295 993 2341 theologiae
1012 2296 1173 2343 collegii
1190 2297 1545 2344 dilingensis.—8.
1567 2297 1627 2332 De
1646 2297 1695 2331 P.
1711 2297 1949 2343 Halpawer,

361 2352 414 2387 P.
439 2352 593 2393 Dirsio,
613 2355 649 2386 et
667 2353 713 2387 de
732 2354 904 2398 reginis.
917 2364 1001 2398 -9.
1028 2354 1202 2397 Natalis,
1214 2355 1395 2402 jamjam
1408 2355 1684 2403 profecturus,
1706 2354 1868 2391 Canisio
1888 2367 1951 2392 res

358 2411 593 2457 pro-vinciae
611 2413 878 2449 commendat:
898 2414 1122 2448 cardinalis
1140 2418 1395 2462 augustanus
1411 2418 1447 2450 et
1465 2415 1643 2451 Natalis.

413 2488 449 2518 Ι.
515 2477 602 2518 Ihs.
637 2479 746 2532 Muy
776 2478 889 2520 Rdo.
921 2493 975 2521 en
1009 2479 1191 2522 Christo
1220 2488 1405 2523 nuestro
1438 2481 1599 2524 Padre.
1633 2482 1729 2523 Pax
1757 2480 1941 2524 Christi.

389 2589 409 2609 a
437 2582 548 2626 Quae
567 2587 783 2628 sequuntur
801 2594 922 2629 usque
942 2583 989 2618 ad
1009 2583 1123 2619 finem
1144 2585 1331 2631 epistolae
1350 2591 1441 2622 sunt
1458 2587 1714 2633 autographa.

391 2671 401 2690 ¹
453 2669 511 2702 Ex
542 2670 766 2715 archetypo,
795 2671 843 2705 ab
869 2670 1002 2715 ignoto
1029 2670 1185 2707 librario
1209 2672 1369 2719 scripto,
1396 2679 1435 2709 et
1465 2685 1486 2708 a
1518 2674 1646 2709 Natali
1665 2673 1885 2720 subscripto
1909 2678 1949 2709 et

319 2726 539 2771 emendato,
560 2727 598 2762 in
618 2728 752 2774 Epist.
777 2728 932 2776 Natal.‚
951 2730 1003 2775 11,
1022 2730 1165 2776 duplici
1190 2731 1273 2777 fol.,
1302 2741 1367 2777 144
1397 2732 1496 2779 (130,
1518 2732 1618 2777 131).
1650 2733 1796 2777 Verba,
1821 2732 1950 2768 addita

320 2787 383 2822 vel
413 2785 602 2832 castigata
633 2799 748 2822 manu
778 2788 942 2834 Natalis,
974 2788 1115 2824 litteris
1147 2790 1286 2825 italicis
1318 2796 1512 2827 notamus.
1546 2791 1646 2827 Cum
1665 2792 1860 2837 librarius,
1884 2791 1951 2838 qui

319 2846 418 2880 hanc
442 2845 645 2892 epistolam
671 2847 858 2893 exaravit,
885 2858 961 2882 non
985 2848 1086 2882 bene
1110 2850 1269 2883 calleret
1295 2850 1467 2895 linguam
1492 2851 1748 2898 hispanicam,
1767 2851 1953 2886 nonnulla

321 2905 441 2939 verba
458 2916 659 2950 perperam
678 2905 846 2951 scripsit:
867 2918 908 2941 v.
932 2917 972 2951 g.
988 2909 1062 2952 per
1080 2908 1164 2941 loco
1178 2911 1269 2953 por,
1295 2910 1595 2955 occupatissimo
1614 2921 1683 2956 pro
1707 2909 1950 2956 ocupadissi-

321 2974 399 3005 mo,
419 2968 495 2999 etc.
517 2964 657 3010 Aliqua
674 2965 843 3000 correxit
867 2964 1030 3011 Natalis,
1052 2965 1125 3000 alia
1143 2966 1317 3013 reliquit.
1354 2967 1435 3002 Nos
1459 2968 1640 3014 prudenti
1659 2969 1794 3004 lectori
1818 2980 1948 3004 emen·

319 3021 445 3057 danda
463 3022 731 3069 relinquimus,
750 3035 810 3070 ea,
828 3035 927 3071 quae
945 3024 1103 3060 minoris
1129 3026 1314 3060 momenti
1338 3026 1556 3073 videantur,
1572 3027 1780 3074 praecipua
1798 3027 1948 3062 dumta-

2062 0 2101 100 <aaz
