2141 3358
677 238 931 274 PROOEMIUM
959 246 1097 272 TERTn
1124 244 1351 273 voLUM1N1s
1740 245 1781 271 ιχ

191 346 340 397 batur,
367 344 487 399 quod
509 342 754 398 imperator
776 340 911 384 nimis
934 355 1045 396 erga
1067 339 1320 384 haereticos
1337 339 1599 395 indulgens,
1622 337 1826 394 pontifex

189 443 215 471 e
237 426 462 471 contrario
486 425 618 467 nimis
642 424 816 480 rigidus
841 423 1070 478 aliquibus
1093 423 1349 467 videbatur.
1380 422 1736 479 Propositiones,
1770 420 1827 463 ab

193 512 461 568 imperatore
486 507 689 565 pontifici
718 506 962 558 exhibitae,
994 506 1101 549 huic
1135 521 1319 562 prorsus
1352 506 1687 562 displicuerunt
1720 504 1823 561 (66).

193 597 321 638 Haec
345 592 495 635 omnia
516 591 635 634 inter
656 581 757 642 sese
780 589 991 633 Canisius
1013 596 1058 633 et
1082 589 1256 632 Natalis
1279 590 1582 641 conferentes,
1609 605 1635 633 e
1658 604 1707 632 re
1731 589 1829 632 fore

192 679 421 721 duxerunt
458 674 720 731 pontificem
758 673 933 717 caesari
970 673 1244 717 benevolum
1279 674 1486 725 reddere,
1528 673 1666 728 idque
1704 673 1829 714 nulla

190 760 368 803 ratione
392 758 570 801 facilius
593 773 642 801 se
664 757 987 814 impetraturos
1011 756 1344 810 existimarunt,
1378 771 1512 811 quam
1542 756 1828 812 procurando

188 852 238 886 ut
260 841 463 899 pontifex
486 841 689 884 subsidia
712 840 971 897 imperatori
994 855 1077 897 pro
1106 840 1226 883 bello
1256 839 1430 882 turcico
1461 839 1746 895 elargiretur.
1779 840 1828 881 Id

187 934 341 971 autem
365 941 446 982 per
471 926 685 982 Borgiam
711 925 843 969 facile
866 925 1047 980 assequi
1069 922 1204 981 posse
1226 931 1509 968 censuerunt
1532 924 1620 980 (49,
1645 934 1715 977 50,
1737 923 1826 977 66).

277 1009 509 1054 Haeretici
533 1009 650 1052 inter
679 1011 808 1062 haec,
842 1009 1127 1052 comitiorum
1160 1008 1449 1052 occasionem
1483 1006 1667 1049 minime
1700 1020 1826 1062 sper-

187 1094 384 1137 nendam
406 1100 635 1150 putantes,
662 1094 719 1136 ad
741 1099 974 1136 certamen
998 1108 1047 1137 se
1070 1092 1335 1148 accingunt,
1356 1093 1412 1136 de
1431 1089 1663 1147 religionis
1682 1104 1828 1146 nego-

190 1177 252 1220 tio
281 1176 568 1220 collationem
599 1176 776 1219 institui
806 1183 1043 1232 satagunt,
1075 1176 1251 1219 libellos
1281 1183 1440 1236 contra
1468 1173 1729 1231 pontificem
1759 1187 1827 1215 ro-

189 1273 375 1302 manum
408 1265 453 1302 et
482 1257 725 1303 Societatis
753 1258 1013 1301 institutum
1052 1257 1251 1302 scribere
1289 1241 1640 1314 aggrediuntur,
1677 1269 1830 1298 comes

193 1342 422 1398 palatinus
444 1341 637 1398 impiger
659 1342 706 1384 in
729 1356 913 1386 arenam
935 1341 1189 1394 descendit,
1215 1349 1260 1384 et
1288 1341 1335 1384 in
1362 1340 1589 1392 convivio,
1624 1340 1681 1383 ad
1709 1340 1830 1395 quod

184 1426 282 1483 ipse
306 1433 497 1470 cunctos
519 1425 749 1482 principes
770 1433 816 1469 et
845 1426 1098 1469 catholicos
1130 1433 1175 1470 et
1204 1432 1509 1482 protestantes
1537 1424 1826 1475 invitaverat,

181 1511 383 1553 libellum
409 1525 585 1554 veneno
608 1524 812 1553 errorum
836 1511 1052 1553 refertum
1070 1509 1276 1553 convivis
1293 1509 1487 1566 singulis
1506 1508 1712 1565 porrigit.
1734 1509 1823 1550 Im-

179 1595 371 1650 probum
405 1595 574 1637 donum
603 1593 780 1649 repellit
811 1601 1100 1650 augustanus
1130 1594 1328 1650 praesul,
1362 1594 1568 1648 talesque
1606 1591 1745 1634 libros
1778 1605 1827 1634 se

180 1677 445 1733 neutiquam
468 1678 620 1733 legere
642 1678 790 1733 palam
814 1678 1070 1734 profitetur.
1092 1678 1238 1720 Instat
1255 1691 1424 1729 comes,
1447 1683 1496 1719 ut
1518 1676 1720 1720 libellum
1744 1689 1828 1717 an—

184 1760 312 1804 tistes
348 1760 554 1817 accipere
590 1760 716 1803 velit.
759 1762 878 1803 Tum
922 1767 1225 1817 augustanus,
1272 1758 1604 1816 importunitati
1647 1757 1826 1801 comitis

186 1845 369 1896 cedens,
395 1843 560 1886 librum
583 1843 721 1899 capit,
746 1846 832 1886 hac
856 1850 1008 1886 tamen
1032 1843 1309 1896 conditione,
1336 1850 1386 1885 ut
1407 1857 1560 1887 comes
1589 1841 1823 1898 promittat

185 1927 525 1984 responsionem
548 1927 700 1970 libello
722 1927 918 1970 dandam
942 1928 1185 1971 lecturum.
1214 1927 1367 1982 Hujus
1390 1934 1542 1970 autem
1565 1925 1828 1982 responsio—

184 2011 254 2054 nis
271 2011 584 2055 lucubrandae
601 2025 712 2054 cura
731 2010 856 2054 Patri
875 2011 1062 2054 Canisio
1081 2011 1355 2054 demandata
1374 2010 1459 2053 fuit
1477 2011 1565 2067 (83,
1593 2010 1707 2066 126);
1728 2009 1825 2062 sed,

180 2110 229 2138 re
264 2095 426 2138 melius
462 2093 770 2147 considerata,
807 2102 852 2138 et
891 2094 1113 2137 cardinali
1152 2101 1196 2138 et
1235 2093 1450 2137 Patribus
1487 2093 1602 2136 liber
1640 2092 1828 2149 palatini

181 2179 402 2235 indignus
426 2178 720 2234 responsione
743 2178 870 2221 visus
891 2185 960 2222 est
983 2178 1115 2236 (191).

273 2264 570 2319 Quantopere
593 2269 746 2306 autem
770 2262 1086 2307 insudaverint
1114 2264 1275 2306 Patres
1304 2262 1496 2315 Natalis,
1534 2260 1746 2305 Canisius
1780 2267 1825 2304 et

190 2347 414 2391 Ledesma
437 2346 484 2388 in
506 2346 841 2390 haereticorum
870 2346 1112 2390 conatibus
1141 2346 1499 2402 confringendis,
1532 2345 1578 2387 in
1607 2343 1828 2389 ecclesiae

186 2436 232 2474 et
254 2429 434 2472 concilii
457 2429 691 2472 tridentini
714 2429 1007 2486 dogmatibus
1030 2437 1076 2473 et
1092 2429 1274 2485 juribus
1293 2429 1491 2483 tuendis,
1511 2428 1558 2471 in
1576 2427 1831 2470 catholico—

188 2526 287 2555 rum
317 2512 478 2556 animis
505 2512 623 2556 inter
653 2527 755 2557 sese
784 2520 829 2557 et
861 2526 966 2555 cum
1006 2528 1196 2556 romano
1226 2512 1443 2569 pontifice
1475 2510 1828 2567 conjungendis,

185 2595 373 2640 mirifice
397 2597 546 2641 elucet
563 2596 609 2639 in
628 2596 937 2640 monumentis
959 2596 1241 2653 archetypis,
1261 2612 1318 2640 ex
1336 2595 1573 2641 Vaticanis
1597 2594 1830 2637 tabulariis

183 2694 209 2723 a
231 2679 364 2721 nobis
386 2679 680 2736 depromptis,
702 2687 747 2723 et
764 2679 811 2721 in
828 2679 1059 2736 publicam
1084 2680 1233 2724 lucem
1256 2679 1451 2732 eductis,
1477 2679 1535 2722 ad
1552 2692 1668 2733 quae
1686 2678 1828 2719 lecto-

185 2776 280 2805 rem
303 2762 577 2806 remittimus
600 2764 821 2820 (90-104);
848 2763 1014 2818 quibus
1037 2778 1203 2806 novam
1227 2763 1479 2806 claritatem
1509 2759 1831 2817 impertiuntur

185 2843 403 2899 epistolae
426 2846 601 2889 Natalis
624 2847 681 2889 de
704 2845 864 2890 iisdem
883 2846 1082 2903 negotiis
1100 2845 1297 2903 Borgiae
1315 2847 1449 2889 datae
1467 2846 1505 2902 (1
1520 2856 1620 2887 10-1
1635 2855 1702 2894 12,
1730 2855 1745 2885 1
1760 2854 1826 2899 19,

194 2939 290 2980 122,
336 2940 434 2983 123,
480 2929 698 2984 136-138,
747 2930 843 2982 180,
892 2931 1015 2985 181);
1056 2936 1102 2973 et
1139 2929 1276 2985 hujus
1321 2943 1540 2985 responsa
1583 2927 1823 2983 (130-132,

195 3010 674 3069 148-151,158,159).
