2101 3348
390 228 458 264 244
901 213 1038 248 EP1sT.
1067 211 1110 246 P.
1140 209 1410 255 NADAL-433

342 321 370 363 l'
393 320 554 362 andata
577 316 622 358 in
652 315 839 359 Polonia
867 314 913 357 in
941 320 1100 369 questa
1131 313 1309 357 lettera.
1352 313 1422 357 De
1453 313 1741 369 Wolffcango
1777 313 1978 356 bohemo

341 399 520 439 haueuo
542 394 584 435 io
607 392 681 449 gia
703 393 828 435 detto
851 391 907 433 al’
933 389 1225 433 arciuescouo
1251 391 1279 442 ¹,
1305 398 1349 432 et
1372 389 1414 432 al
1435 388 1661 445 preposito
1683 389 1697 409 ²
1722 389 1779 433 de
1803 391 1967 445 Praga,

343 475 426 516 che
449 470 668 513 uerrebbe
689 469 869 512 adesso:
895 466 1094 510 scriuero
1116 468 1201 510 che
1222 467 1259 508 s'
1284 467 1309 509 0
1331 466 1598 522 prolongata
1625 481 1705 522 per
1733 465 1898 522 meglio
1927 466 1974 509 la

344 564 425 592 sua
448 548 626 598 andata,
652 552 696 589 et
719 549 869 587 tamen
891 546 949 588 V.
978 546 1030 587 P.
1057 544 1093 587 si
1116 543 1278 586 ricordi
1302 543 1346 585 di
1369 543 1451 586 far’
1475 543 1659 586 scriuer'
1686 558 1734 586 se
1750 542 1813 585 lui
1830 544 1855 585 0
1878 543 1968 586 sal-

345 628 417 677 do,
445 624 608 680 perche
630 625 687 665 ha
709 622 846 678 padre
870 621 992 675 Viuo,
1018 628 1062 664 et
1084 621 1246 663 dicono
1269 622 1354 663 che
1376 620 1484 672 rico,
1510 626 1555 664 et
1576 619 1640 662 lui
1663 621 1798 663 credo
1827 622 1970 664 esser*

346 702 477 745 vnico
499 700 685 757 figliolo,
712 700 887 742 benche
910 701 1044 742 Mtro.
1079 697 1279 741 Henrico
1311 699 1325 718 ⁵
1365 697 1568 740 desidera
1599 698 1641 740 la
1672 712 1753 740 sua
1787 704 1969 750 venuta‚

346 794 423 836 per
445 778 636 834 agintar’
661 778 704 819 la
728 776 896 819 fabrica
918 777 990 820 del
1013 775 1206 832 collegio
1228 791 1312 819 con
1335 776 1377 819 la
1404 775 1623 820 lemosina
1652 775 1725 819 del
1761 775 1897 831 padre
1929 775 1976 817 di

346 857 651 911 Wolffcango.
694 853 752 897 Di
790 860 949 908 queste
986 855 1075 897 due
1114 853 1344 909 prouincie
1381 868 1471 895 non
1509 852 1546 895 si
1583 852 1859 895 mandarano
1897 867 1983 908 per

347 936 491 989 quest'
518 946 636 975 anno
658 930 702 972 in
727 932 869 973 Roma
891 945 940 974 se
962 945 1057 973 non
1080 937 1175 973 otto
1198 945 1224 972 0
1247 945 1381 982 110110,
1414 929 1519 972 delli
1551 929 1671 985 quali
1703 928 1798 971 diro
1834 928 1970 985 dipoi.

347 1013 451 1054 Non
474 1023 624 1066 puono
647 1007 812 1064 partire
843 1009 1035 1050 mancho
1058 1009 1142 1050 che
1172 1008 1238 1050 fra
1266 1014 1381 1051 sette
1409 1021 1435 1049 o
1464 1013 1559 1049 otto
1588 1006 1750 1063 giorni,
1785 1012 1830 1049 et
1853 1012 1984 1049 tanto

348 1088 424 1144 piu
447 1087 673 1130 andarano
703 1085 996 1137 accomodati3
1029 1099 1108 1140 per
1137 1087 1273 1128 esser’
1305 1084 1334 1126 il
1367 1091 1517 1140 tempo
1550 1099 1612 1126 un
1649 1098 1763 1140 poco
1795 1083 1967 1126 auanti.

350 1165 513 1220 Quella
535 1164 590 1205 de
614 1175 668 1219 29
691 1176 781 1204 non
804 1163 828 1204 e
851 1162 964 1204 altro
987 1163 1071 1204 che
1100 1161 1460 1217 accompagniar'
1492 1162 1522 1203 il
1553 1163 1605 1204 Ρ.
1638 1160 1862 1217 Gregorio
1891 1174 1977 1203 con

349 1243 380 1284 li
402 1241 516 1292 suoi,
542 1240 554 1282 i
578 1239 697 1294 quali
720 1239 930 1295 gionsero
954 1238 1029 1293 qui
1059 1246 1175 1283 sette
1204 1254 1229 1281 o
1259 1245 1354 1282 otto
1383 1238 1530 1295 giorni
1563 1237 1716 1281 auanti
1748 1252 1835 1290 me;
1871 1244 1915 1280 et
1947 1237 1978 1279 il

355 1322 405 1362 P.
433 1317 634 1373 Georgio
656 1331 741 1359 con
765 1316 794 1357 li
818 1316 933 1369 suoi,
961 1315 1132 1359 Mathia
1160 1316 1293 1358 etiam
1317 1324 1362 1358 et
1384 1317 1519 1359 Carlo
1543 1315 1724 1367 Ursino,
1751 1315 1855 1357 tutti
1884 1314 1981 1358 sani

354 1412 439 1440 con
476 1397 518 1437 la
548 1394 692 1450 gratia
720 1395 792 1452 del
821 1393 1017 1449 Signore
1050 1395 1079 1436 ¹⁶.
1115 1393 1370 1436 Habbiamo
1401 1393 1599 1436 ritenuto
1637 1408 1725 1449 qua
1763 1392 1983 1436 Giacomo

353 1474 553 1530 spirense
583 1487 659 1528 per
687 1472 730 1514 la
759 1472 900 1514 classe
929 1471 972 1512 d’
1005 1470 1259 1523 humanita,
1292 1478 1336 1514 et
1368 1470 1516 1514 Gioan
1554 1471 1739 1526 anglese
1776 1484 1854 1524 per
1882 1470 1983 1525 leg—

355 1553 449 1607 ger’
476 1563 628 1605 greco.
657 1548 820 1591 Carolo
850 1547 1016 1591 Ursino
1045 1554 1089 1591 et
1122 1547 1293 1591 Mathia
1324 1547 1564 1590 habbiamo
1600 1547 1799 1590 mandati
1831 1546 1878 1588 in
1910 1547 1985 1589 In—

355 1629 473 1684 golst
486 1627 595 1677 1011ος
622 1625 791 1669 Mathia
814 1625 937 1667 accio
960 1624 1200 1667 incominci
1224 1625 1279 1667 ad
1303 1625 1463 1667 aiutar'
1488 1626 1530 1668 la
1551 1624 1596 1667 in
1620 1625 1811 1679 qualche
1834 1638 1937 1666 cosa
1954 1623 1985 1665 11

356 1712 536 1757 1011310,
564 1704 726 1746 Carolo
749 1702 915 1747 Ursino
938 1702 1149 1745 accioche
1171 1701 1333 1757 aspetti
1356 1703 1417 1744 fin
1435 1704 1518 1745 che
1535 1702 1579 1744 io
1601 1703 1716 1745 vada
1733 1717 1868 1746 senza
1885 1702 1986 1757 leg-

357 1784 451 1838 ger'
478 1796 583 1824 cosa
606 1780 782 1823 nisuna:
810 1780 839 1822 li
862 1779 962 1822 altri
985 1779 1049 1824 sei
1072 1779 1281 1822 habiamo
1310 1779 1508 1822 mandati
1531 1795 1555 1822 a
1578 1779 1777 1835 Dilinga‚
1803 1763 1984 1822 0110135-

357 1858 528 1915 pettino
550 1859 579 1899 li
602 1859 639 1899 la
666 1857 751 1899 mia
773 1864 958 1910 venuta,
984 1871 1119 1899 senza
1142 1857 1342 1899 mettersi
1365 1857 1410 1898 in
1440 1856 1602 1900 nisuna
1629 1856 1833 1907 lettione,
1866 1862 1910 1899 et
1938 1855 1984 1897 in

359 1944 517 1991 questo
542 1942 689 1990 tempo
712 1936 770 1976 ho
793 1935 917 1976 detto
940 1949 965 1976 a
988 1933 1092 1976 tutti
1115 1935 1199 1977 che
1221 1936 1257 1976 s'
1284 1933 1538 1990 applichino
1570 1934 1642 1976 all'
1679 1932 1879 1976 oratione
1907 1932 1987 1988 piu

359 2013 444 2055 del'
470 2011 693 2054 ordinario
715 2026 802 2053 vna
825 2013 931 2053 hora
958 2026 983 2053 o
1011 2011 1102 2064 d0i‚
1127 2018 1172 2054 et
1194 2011 1223 2052 il
1247 2018 1397 2066 tempo
1421 2010 1609 2064 residuo,
1623 2010 1756 2053 diano
1786 2010 1859 2054 alli
1887 2009 1990 2052 suoi

362 2088 495 2143 studij
523 2103 599 2143 per
623 2088 871 2143 prepararsi
894 2095 980 2131 etc.

454 2176 493 2218 5.
560 2166 649 2207 ΑΠ’
689 2165 845 2207 ultima
881 2165 984 2208 delli
1023 2179 1046 2220 3
1086 2166 1142 2209 de
1179 2165 1449 2209 Settembre.
1492 2167 1565 2208 Ho
1597 2164 1715 2207 visto
1751 2165 1793 2208 13
1820 2165 1987 2207 confir—

364 2242 559 2285 matione
588 2242 658 2285 del
687 2256 838 2284 nuouo
867 2242 1114 2297 prouincial
1143 2243 1199 2286 de
1227 2242 1412 2285 Austria
1451 2244 1464 2264 5
1496 2250 1540 2286 01
1570 2245 1724 2286 rettor’
1755 2243 1811 2284 de
1845 2241 1991 2285 Vien-

437 2430 446 2449 ¹
500 2428 692 2464 Antonius
712 2430 808 2463 Erus
827 2429 874 2463 de
894 2429 1072 2473 Muglitz.

436 2492 449 2511 ‘2
502 2487 715 2523 «Henricus
736 2488 850 2522 Pisek
869 2489 903 2531 (i-
926 2489 1043 2533 1586),
1070 2492 1187 2535 vulgo
1207 2491 1447 2535 Scribonius,
1473 2502 1521 2525 ex
1540 2489 1834 2525 Bischofteinitz
1853 2489 1996 2533 (Bohe-

367 2549 467 2584 miae
491 2547 646 2594 oppido)
671 2553 789 2593 ortus,
818 2547 1018 2594 utriusque
1043 2548 1135 2584 iuris
1161 2551 1307 2595 doctor,
1334 2551 1514 2587 Carolum
1539 2550 1720 2585 Austriae
1745 2548 1995 2584 archiducem

369 2607 549 2644 educavit
569 2613 607 2641 et
628 2608 763 2641 Annae
787 2607 944 2651 reginae
969 2619 1037 2652 per
1055 2608 1258 2644 duodecim
1278 2621 1398 2645 annos
1422 2621 1443 2644 a
1467 2609 1778 2644 confessionibus
1797 2607 1882 2643 fuit.
1903 2607 1994 2642 Pro·

369 2673 455 2714 pter
474 2665 731 2712 eloquentiam
751 2677 858 2700 suam
878 2671 917 2700 01
941 2665 1154 2703 doctrinam
1174 2671 1416 2704 «oraculum»
1436 2668 1595 2715 capituli
1612 2667 1814 2714 pragensis
1834 2668 1996 2702 vocaba-

369 2732 444 2761 tur.
466 2726 628 2760 Multum
648 2725 837 2760 laboravit
861 2730 903 2759 ut
927 2724 1102 2761 Societas
1128 2728 1223 2772 Jesu
1247 2728 1285 2763 in
1311 2728 1536 2763 Bohemiam
1560 2727 1868 2762 introduceretur
1893 2730 1933 2760 et
1956 2729 2006 2760 ut>

370 2784 707 2831 archiepiscopalis
727 2784 839 2819 sedes
864 2785 1066 2830 pragensis
1085 2786 1239 2821 tandem
1266 2799 1403 2823 vacare
1428 2787 1638 2831 desineret;
1665 2792 1703 2822 at
1728 2786 1810 2833 ipse
1834 2784 1999 2831 dignita-

371 2851 450 2881 tem
475 2845 579 2879 illam
602 2849 824 2879 constanter
848 2844 1060 2879 recusavit.
1083 2845 1198 2890 (Ant.
1220 2847 1363 2892 Frind,
1384 2847 1458 2882 Die
1477 2846 1713 2883 Geschichte
1732 2845 1800 2880 der
1818 2842 2005 2879 Bischofe

370 2904 450 2940 und
469 2902 718 2938 Erzbischofe
736 2914 811 2938 von
835 2903 934 2948 Prag
959 2903 1074 2949 [Prag
1096 2904 1198 2951 1873]
1224 2917 1264 2951 p.
1293 2906 1503 2951 170-189)».
1534 2907 1888 2950 BRAUNSBERGER,
1915 2904 1992 2939 loc.

372 2964 464 3007 cit.,
484 2965 514 3007 1,
536 2973 621 3008 599.

445 3025 459 3044 ⁵
511 3022 755 3058 Elissemius.
874 3024 888 3043 4
938 3022 1038 3057 Vide
1057 3023 1171 3069 epist.
1192 3033 1274 3068 425,
1294 3024 1381 3068 426.
1505 3028 1519 3047 ⁵
1569 3024 1800 3060 Laurentius
1819 3022 1994 3068 Magius.
