2101 3348
871 227 1093 263 APPENmX
1680 226 1750 262 803

254 329 517 384 Inscaiptios
540 329 569 386 ἦ·
594 329 655 372 Al
684 330 822 372 molto
851 331 904 372 R.
913 329 954 357 ‘³0
985 330 1132 374 Padre
1159 344 1258 374 nro.
1291 329 1334 371 in
1368 330 1454 372 X⁰
1486 328 1517 370 il
1550 330 1627 371 P.
1656 329 1805 371 Fran-

161 402 296 431 cesco
316 387 502 443 Borgia,
525 389 753 444 preposito
772 390 986 445 generale
1003 390 1121 433 della
1139 388 1422 491 Compzssgnia
1439 388 1616 445 diJesu.
1639 390 1799 431 Roma.

164 448 460 490 Aliamcmu:
483 421 580 503 i-p.
609 463 649 491 e.
676 449 798 490 Alta:
826 449 879 491 C.
914 449 1040 502 1567
1067 448 1261 492 Vienna.
1292 449 1570 492 RLorenzo
1595 447 1800 504 Maggio,

166 505 462 563 prouinciale.
496 518 546 564 19
570 507 843 550 Novembre.

886 621 988 663 LIX
1011 619 1088 664 (bis

714 707 1041 744 STANJSLAUS
1069 708 1261 746 Hosius

607 797 791 828 SANCTO
824 800 1089 830 FRANCISCO
1123 802 1185 830 DE
1218 800 1367 840 BORJA

505 871 831 929 Heilsbergae‚
875 886 930 928 24
968 875 1239 919 Novembris
1284 877 1393 930 1567
1437 877 1463 918 ¹.

168 964 215 998 P.
231 964 407 998 'Petrum
436 961 546 996 Pha&
569 962 744 997 retinere
768 974 898 997 secum
923 965 1081 1008 exoptat
1105 965 1227 999 donec
1251 965 1452 1000 Henricus
1476 964 1694 1009 Dionysius
1718 963 1805 1009 ejus

829 1022 910 1057 loco
929 1023 1133 1058 mittatur.

264 1100 375 1143 Rde.
401 1101 553 1142 Pater.
577 1100 629 1141 P.
653 1100 817 1141 Petrus
836 1101 976 1152 Phae,
998 1108 1166 1155 quanto
1185 1115 1287 1143 cum
1305 1103 1458 1143 fructu
1476 1101 1533 1144 sit
1552 1101 1657 1144 alibi
1674 1101 1804 1144 lab'o—

174 1166 353 1203 raturus
376 1158 421 1200 in
445 1158 576 1200 vinea
598 1157 797 1210 Domini,
825 1158 993 1212 nesci03
1021 1175 1177 1203 verum
1202 1162 1288 1203 hoc
1310 1161 1422 1212 scio,
1450 1162 1571 1216 quod
1588 1161 1660 1203 hic
1679 1175 1803 1203 ama—

176 1226 249 1262 tur
272 1219 327 1260 ab
355 1217 581 1269 omnibus;
616 1224 661 1260 et
690 1231 792 1259 cum
823 1219 1087 1273 profiteatur
1116 1234 1236 1262 nunc
1265 1220 1444 1262 decreta
1477 1220 1592 1262 sacri
1625 1219 1800 1274 concilij

178 1276 426 1328 tridentini,
449 1290 615 1331 magna
638 1291 742 1318 cum
767 1278 1019 1322 attentione
1041 1279 1236 1331 auditur3
1258 1287 1302 1321 et
1320 1287 1424 1321 svnt
1441 1294 1530 1321 non
1554 1280 1667 1322 adeo
1690 1294 1804 1334 pau-

178 1337 235 1389 ci,
262 1336 339 1391 qui
361 1351 410 1378 se
432 1336 710 1378 discessuros
734 1336 978 1393 minantur,
1003 1337 1040 1380 si
1070 1338 1204 1380 fuerit
1231 1338 1336 1380 hinc
1365 1346 1597 1381 auocatus.
1631 1341 1802 1382 Verum

176 1411 264 1453 ego
287 1411 374 1438 non
400 1395 641 1438 difficulter
663 1409 766 1437 eum
790 1396 876 1438 alio
899 1397 1129 1439 transferri
1147 1397 1306 1452 patiar,
1327 1398 1380 1449 si,
1401 1400 1521 1453 quod
1539 1398 1646 1440 mihi
1663 1398 1803 1441 semel

176 1455 447 1512 promissum
470 1467 538 1496 est
561 1455 616 1496 de
641 1457 693 1497 P.
721 1456 921 1498 Henrico
943 1456 1178 1511 Dionysio,
1206 1456 1249 1498 id
1273 1458 1328 1499 ad
1352 1472 1442 1499 rem
1467 1458 1678 1499 collatum
1702 1457 1803 1500 fue—

176 1515 248 1558 rit.
275 1516 371 1558 Nec
399 1521 468 1557 est
496 1515 616 1567 quod
643 1516 850 1557 morbum
880 1515 1070 1570 quisque
1098 1523 1320 1558 causetur.
1354 1518 1468 1559 Nam
1501 1518 1585 1559 hac
1618 1517 1714 1572 ipsa
1746 1517 1803 1558 de

176 1589 313 1617 causa
336 1574 521 1615 missum
542 1588 645 1615 eum
670 1575 757 1616 huc
783 1582 1027 1629 oporteret,
1060 1582 1124 1626 ut,
1159 1590 1262 1618 cum
1293 1575 1350 1618 sit
1379 1576 1554 1618 infirma
1582 1575 1803 1618 valetudi-

177 1650 250 1685 ne,
277 1633 517 1675 firmiorem
543 1632 728 1687 adipisci
752 1640 901 1687 queat.
929 1635 1021 1678 Sed
1043 1649 1125 1678 nec
1152 1637 1202 1677 P.
1232 1634 1466 1690 Philippus
1483 1636 1497 1655 ‘²
1518 1650 1660 1689 Vsque
1679 1649 1804 1677 com-

179 1702 320 1749 paret.
347 1693 655 1747 Quamobrem
677 1692 813 1736 licere
835 1693 943 1734 mihi
975 1707 1184 1749 cuperem
1215 1709 1294 1749 per
1323 1696 1375 1736 R.
1412 1697 1462 1736 P.
1496 1696 1552 1737 V.
1587 1694 1806 1750 tantisper

183 1755 236 1796 P.
264 1755 400 1796 Petro
425 1751 525 1802 frui,
552 1752 660 1793 dum
683 1753 822 1795 semel
845 1752 1062 1807 promissa
1084 1753 1193 1795 mihi
1216 1760 1517 1809 praestentur3
1545 1768 1569 1795 a
1592 1767 1681 1808 quo
1705 1769 1804 1796 ma-

182 1812 323 1855 iorem
346 1811 392 1852 in
414 1812 597 1852 modum
621 1818 741 1865 peto,
762 1827 834 1862 ne,
861 1812 981 1865 quod
1003 1812 1225 1867 posterius
1248 1820 1316 1856 est
1338 1812 1612 1865 institutum,
1639 1812 1808 1856 Herbi—

185 1872 369 1927 polense
402 1870 660 1925 collegium,
692 1870 789 1912 eius
819 1870 1032 1913 maiorem
1063 1872 1230 1915 habere
1264 1872 1370 1915 Velit
1402 1872 1636 1923 rationem,
1673 1887 1807 1926 quam

185 1930 328 1973 nostri
355 1929 775 1984 braunspergensis,
808 1944 910 1972 cum
939 1937 984 1972 et
1012 1930 1120 1973 iuris
1149 1932 1260 1973 haec
1288 1931 1346 1974 sit
1375 1932 1547 1986 regula:
1581 1930 1657 1985 qui
1686 1930 1810 1986 prior

184 1997 252 2033 est
276 1997 492 2044 tempore,
520 1990 640 2043 quod
663 1989 699 2030 is
722 1988 868 2043 potior
891 1995 959 2031 est
981 1989 1094 2033 iure.
1121 1990 1184 2041 Si,
1212 1990 1287 2044 qui
1312 1990 1419 2031 mihi
1442 1990 1525 2031 fuit
1544 1990 1806 2045 promissus,

183 2048 349 2092 missus
374 2049 553 2090 tandem
580 2048 821 2102 aliquando
845 2048 995 2102 fuerit,
1022 2063 1187 2104 magna
1209 2064 1290 2104 spe
1317 2064 1417 2091 sum
1446 2065 1500 2092 ex
1529 2049 1647 2091 illius
1677 2064 1810 2104 prae-

183 2108 331 2152 sentia
352 2122 434 2149 nos
452 2107 684 2162 ingentem
705 2107 900 2149 fructum
920 2115 1294 2163 consequuturos,
1316 2116 1361 2151 et
1378 2109 1544 2151 multos
1562 2122 1659 2151 esse
1678 2108 1813 2151 Chri-

183 2175 254 2210 sto
291 2166 623 2210 lucrifacturos.
656 2167 779 2221 Opto
810 2168 864 2210 R.
896 2168 948 2210 P.
980 2169 1037 2211 V.
1069 2167 1163 2220 diu,
1198 2168 1329 2219 bene,
1356 2175 1400 2211 et
1425 2167 1612 2210 feliciter
1642 2169 1809 2220 valere,

185 2226 315 2270 cuius
340 2225 548 2281 precibus
570 2232 615 2267 et
637 2225 868 2280 sacrificijs
891 2241 961 2269 me
985 2227 1224 2282 diligenter
1247 2228 1529 2271 commendo.
1562 2228 1728 2269 Datum
1758 2242 1813 2269 ex

186 2292 335 2329 castro
358 2299 458 2328 meo
483 2284 774 2341 Heilspergk,
798 2298 853 2338 24
875 2286 1163 2338 Nouembris,
1184 2301 1302 2328 anno
1320 2286 1504 2329 Domini
1524 2301 1574 2330 M.
1595 2301 1642 2329 D.
1663 2300 1813 2329 LXVII.

188 2347 346 2389 Frater
368 2344 414 2386 in
437 2343 635 2394 Christo,

600 2403 918 2455 STANISLAUS‚
953 2418 1239 2447 CARDINALIS
1274 2418 1579 2448 VARMIENSIS.

281 2463 524 2517 Inscriptio
547 2463 597 2503 ‘in
626 2466 790 2517 quarta
812 2464 1010 2518 pagina:
1043 2464 1158 2507 RdO.
1193 2464 1236 2505 in
1270 2464 1452 2507 Christo
1487 2464 1608 2506 Patri
1637 2463 1818 2506 domino

191 2522 432 2566 Francisco
457 2521 639 2576 Borgia,
666 2529 849 2564 sanctae
872 2522 1112 2566 Societatis
1135 2524 1279 2579 Jhesu
1306 2523 1564 2579 praeposito
1599 2522 1816 2579 generali,

191 2581 318 2625 fratri
341 2582 384 2622 in
409 2580 590 2623 Christo
613 2581 852 2623 charisimo
875 2588 919 2624 et
946 2583 1226 2626 honorando.

189 2712 256 2746 «Li
277 2710 413 2746 scholii
431 2710 493 2745 del
515 2710 555 2744 P.
578 2710 716 2745 Natale
735 2710 768 2745 si
786 2710 998 2746 doueriano
1015 2711 1184 2758 riueder,
1203 2712 1372 2747 secondo
1391 2713 1462 2747 che
1480 2712 1521 2747 fu
1541 2712 1716 2748 ordinato
1735 2711 1822 2745 nela

185 2770 489 2815 congregatione
507 2770 710 2814 generale.
735 2771 784 2804 Et
802 2781 912 2805 come
930 2776 1070 2817 questo
1089 2771 1145 2806 sia
1164 2771 1276 2817 fatto,
1297 2771 1329 2806 si
1350 2771 1608 2807 mandaranno
1627 2783 1647 2805 a
1666 2771 1718 2805 V.
1742 2770 1821 2804 R.»

187 2830 245 2864 Ex
264 2830 450 2874 Regesto,
475 2827 568 2862 Cod.
592 2829 705 2874 33f),
726 2829 792 2864 fol.
813 2829 871 2874 93.

261 2888 269 2907 ¹
323 2888 380 2922 Ex
399 2887 623 2933 archetypo,
646 2888 684 2922 in
707 2887 800 2924 Cod.
824 2888 884 2933 38,
905 2888 1050 2935 duplici
1069 2889 1150 2932 fol.,
1173 2889 1236 2933 185
1252 2891 1366 2934 (477).
1384 2890 1483 2924 Vide
1499 2888 1664 2935 append.
1683 2887 1824 2931 XLVI,

189 2952 230 2982 et
250 2947 337 2981 LVI
356 2946 429 2981 bis.

264 3007 277 3024 ²
327 3005 680 3041 XVidmanstadius.
706 3006 805 3041 Vide
825 3006 942 3052 epist.
968 3014 1050 3051 492,
1072 3018 1114 3042 n.
1141 3015 1172 3040 1.
