2101 3348
364 196 411 233 88
876 200 1015 234 EP1ST.
1043 198 1087 233 P.
1118 197 1388 244 NADAL—384

317 300 500 356 general
521 301 577 344 de
601 300 740 343 Oran.
770 301 839 343 ΥΟ
863 306 992 355 estoy
1014 306 1229 343 contento
1253 314 1334 356 por
1356 301 1480 345 verle
1501 302 1735 357 empleado
1764 318 1822 347 en
1851 319 1947 349 ser-

318 376 435 419 uicio
456 378 529 420 del
551 377 697 420 Senor
718 391 747 432 y
765 383 921 419 contra
943 376 1131 420 infieles:
1152 391 1235 419 ora
1246 383 1334 433 pro
1356 391 1403 420 eo
1420 382 1460 420 et
1475 383 1563 433 pro
1580 393 1664 429 me;
1681 379 1770 434 ylo
1786 381 1947 426 mismo

317 453 420 508 pido
444 455 484 496 al
508 455 559 496 P.
589 453 786 506 Canisio,
813 454 1049 505 Ledesma,
1075 453 1312 507 Ximenez‚
1338 455 1588 509 Ludouico;
1614 471 1644 511 y
1666 456 1816 512 digale
1838 472 1943 513 que,

316 530 509 585 despues
531 544 620 584 que
642 531 778 586 flego,
805 545 864 573 no
886 533 944 574 he
965 530 1082 573 visto
1111 538 1234 574 carta
1262 546 1398 587 suya,
1423 547 1451 588 y
1473 536 1498 575 a
1527 533 1569 575 13
1590 533 1662 576 del
1689 533 1866 578 camino
1888 549 1947 578 no

315 608 449 650 hauia
470 610 558 661 que
582 608 843 663 responder,
869 608 1056 652 bendito
1078 608 1205 651 Dios.
1231 610 1302 652 De
1324 610 1381 653 V.
1409 611 1463 652 R.
1490 609 1641 653 sieruo
1663 625 1720 654 en
1743 612 1840 666 X.⁰,

1416 687 1452 730 F
1456 701 1707 731 RANC1sco.

405 761 649 816 Inscriptio
672 763 722 804 in
745 766 910 818 quarta
927 763 1132 819 pagina:
1156 763 1184 820 †
1216 763 1275 806 Al
1305 764 1443 806 molto
1472 765 1581 807 Rdo.
1619 764 1665 806 in
1692 766 1805 820 Xpo.
1840 767 1887 809 P.
1919 765 1950 808 il

318 838 368 879 P.
396 839 452 879 D.
481 838 747 882 Hieronimo
769 840 926 891 Natal,
954 839 1157 882 visitator
1178 840 1296 884 nelle
1324 840 1557 896 prouincie
1589 841 1661 897 [di]
1696 842 1951 899 Alemagna

314 914 431 955 della
469 915 758 972 Compagnia
796 915 841 958 di
878 916 1022 960 Giesu
1060 916 1106 958 in
1149 917 1378 972 Augusta.
1426 918 1573 960 Manu
1613 920 1671 961 P.
1707 919 1916 976 Jimenez
1941 935 1953 962 .-

316 990 344 1047 †
368 992 424 1033 N.
454 993 504 1034 P.
534 991 608 1034 alli
633 1003 687 1046 27
711 993 934 1049 d'Aprile.
963 994 1060 1036 R.ta
1083 993 1241 1050 Sigillzss
1263 994 1523 1051 vestigium.

1075 1105 1196 1145 384

737 1190 829 1232 ΡΡ.
868 1190 1279 1234 HIERONYMUS
1311 1190 1529 1233 NADAL

580 1277 783 1314 PETRUS
810 1277 1056 1314 CANISIUS
1083 1278 1148 1313 ET
1176 1277 1413 1323 JACOBUS
1440 1278 1685 1314 LEDESMA

858 1363 1104 1400 AUGUSTAE,
1124 1366 1145 1400 4
1163 1364 1254 1398 MAJI
1276 1341 1365 1399 1566
1383 1358 1406 1391 ¹.

503 1433 704 1479 Responsa
717 1433 772 1467 ad
785 1434 1032 1479 quaestiones
1050 1434 1092 1468 in
1114 1444 1264 1468 recessu
1281 1436 1512 1481 augustano
1521 1435 1762 1481 propositas.

396 1539 563 1579 zaza
1099 1541 1147 1579 Α

1058 1619 1178 1654 JHUS.

775 1697 1009 1726 PROPOSJTA
1037 1698 1151 1726 HAEC
1176 1697 1254 1724 EST
1281 1697 1493 1731 QUAEsno

401 1766 448 1810 Si
472 1781 559 1822 pax
581 1767 768 1822 eiusque
790 1767 1075 1811 conditiones
1092 1781 1312 1819 annexae,
1334 1767 1715 1821 quemadmodum
1739 1766 1782 1808 in
1803 1767 1953 1810 reces-

313 1858 367 1886 su
390 1843 607 1899 imperiali
630 1859 748 1887 anno
778 1855 884 1899 1555
910 1845 1152 1900 Augustae
1174 1844 1396 1896 sancitae,
1423 1844 1585 1888 deinde
1608 1858 1726 1887 anno
1752 1855 1805 1898 57
1829 1852 1875 1887 et
1900 1855 1954 1901 59

317 1955 467 1989 mecen,
493 1945 642 1990 Tunez,
665 1943 785 1987 Oran,
811 1950 850 1979 et
870 1944 1152 1992 Mazarquivir»
1173 1945 1417 1981 renuntiatus
1437 1944 1528 1979 fuit.
1553 1944 1653 1979 Vide
1674 1944 1713 1979 in
1731 1943 1791 1979 his
1813 1945 1956 1980 MONU-

315 2011 482 2049 MENT1s,
504 2004 724 2050 Borgia,1,
744 2014 828 2050 449,
849 2012 939 2049 450.

386 2063 396 2082 ¹
449 2063 505 2097 Ex
524 2063 760 2110 archetypis,
781 2063 820 2098 in
838 2063 995 2098 archivo
1013 2069 1165 2098 secreto
1183 2063 1386 2107 Vaticano,
1408 2062 1529 2098 Cone.
1561 2061 1672 2098 Trid.
1691 2075 1734 2097 n.
1762 2071 1842 2108 149,
1862 2062 1958 2098 Mis·

313 2122 491 2157 cellanea
510 2123 684 2167 concilii,
704 2122 747 2158 ff.
774 2131 841 2167 272
860 2128 898 2157 et
923 2134 1035 2169 seqq.
1060 2123 1311 2157 Monumenta
1328 2122 1390 2157 hic
1415 2122 1589 2157 exhibita
1607 2127 1958 2156 commemorantur

314 2193 336 2216 a
354 2182 401 2216 P.
425 2180 554 2215 Natali
575 2179 614 2215 in
633 2181 798 2227 epistola
822 2180 904 2226 387,
931 2193 971 2216 n.
1004 2180 1039 2225 3,
1066 2180 1132 2216 ubi
1157 2181 1222 2216 illa
1248 2180 1390 2216 litteris
1416 2173 1536 2226 A‚B‚
1562 2180 1607 2227 C,
1640 2181 1690 2225 D,
1718 2181 1750 2215 E
1773 2180 1957 2215 distincta

314 2240 436 2275 fuisse
454 2240 638 2284 declarat,
659 2240 714 2275 uti
733 2251 869 2286 reapse
889 2241 928 2275 in
946 2241 1065 2275 citato
1083 2240 1241 2275 archivo
1266 2239 1451 2275 distincta
1475 2240 1736 2286 reperiuntur,
1763 2239 1865 2274 unde
1892 2239 1956 2274 illa

315 2299 646 2346 transcripsimus.
672 2300 831 2334 Praeter
854 2301 950 2334 haec
973 2300 1144 2346 quinque
1163 2300 1321 2345 scripta,
1341 2299 1415 2334 alia
1439 2298 1516 2334 duo
1535 2311 1556 2333 a
1575 2299 1703 2333 Natali
1728 2310 1957 2334 enumeran-

315 2364 390 2400 tur,
410 2369 572 2405 quorum
592 2358 713 2404 prius,
731 2358 804 2393 hoc
823 2359 935 2404 signo
953 2359 973 2392 †
994 2363 1183 2402 notatum,
1204 2358 1299 2393 nihil
1318 2357 1423 2393 aliud
1448 2369 1562 2404 quam
1588 2357 1810 2393 versionem
1836 2358 1955 2404 partis

313 2429 492 2452 recessus
512 2417 718 2463 augustani
737 2429 759 2452 3
777 2417 934 2453 Canisio
952 2417 1093 2452 factam
1112 2418 1300 2453 continet.
1322 2418 1516 2461 Alterum,
1536 2418 1666 2452 littera
1685 2418 1715 2452 F
1741 2417 1952 2463 signatum,

313 2482 374 2512 est
392 2477 554 2522 epistola
574 2476 694 2523 ipsius
713 2477 875 2523 Canisii,
894 2488 968 2523 qua
987 2477 1087 2511 bona
1106 2476 1245 2520 officia,
1265 2477 1304 2511 in
1322 2482 1519 2511 conventu
1538 2482 1756 2522 augustano
1782 2488 1803 2511 a
1822 2477 1952 2522 legato

313 2536 605 2573 Commendono
624 2547 691 2583 pro
710 2536 876 2571 ecclesia
895 2535 1095 2582 praestita,
1114 2535 1162 2570 ad
1181 2535 1336 2570 fraudes
1356 2541 1395 2570 et
1413 2535 1721 2582 oppugnationes
1739 2535 1954 2570 haeretico-

313 2608 398 2631 rum
417 2595 672 2641 deludendas,
691 2595 912 2631 laudantur.
943 2594 1094 2641 Scripta
1113 2594 1187 2629 fuit
1204 2594 1268 2629 die
1292 2605 1313 2639 4
1339 2594 1430 2640 Maji
1458 2595 1547 2639 1566
1575 2595 1792 2640 Augustae,
1818 2599 1857 2629 et
1882 2593 1955 2629 Ca-

314 2654 404 2690 nisii
424 2667 539 2690 manu
558 2655 710 2701 signata
728 2656 906 2696 habetur,
929 2655 1000 2689 106.
1027 2654 1098 2689 cit.
1129 2654 1348 2700 Utrumque
1378 2659 1690 2698 monumentum,
1718 2653 1807 2698 quia
1827 2653 1958 2699 potius

313 2714 361 2749 ad
379 2714 594 2751 Canisium.
613 2726 728 2761 quam
747 2715 794 2749 ad
813 2714 1008 2756 Natalem,
1028 2718 1193 2760 spectat,
1213 2713 1275 2748 hic
1294 2712 1554 2747 omittendum
1571 2711 1858 2747 existimamus.
1880 2712 1957 2746 No-

313 2774 472 2809 tandum
491 2780 620 2809 autem
640 2780 714 2820 est,
735 2774 774 2809 in
793 2774 957 2820 epistola
975 2773 1043 2818 387
1068 2772 1196 2819 aliqua
1215 2772 1355 2807 menda
1374 2771 1595 2818 irrepsisse,
1624 2783 1715 2818 prae
1740 2771 1956 2806 festinatio-

312 2845 375 2879 ne,
395 2845 470 2880 qua
489 2834 594 2869 illam
612 2834 768 2880 scripsit
786 2833 951 2879 Natalis,
971 2838 1119 2868 mutato
1138 2831 1290 2867 scilicet
1309 2831 1444 2867 ordine
1463 2831 1696 2875 litterarum,
1716 2835 1758 2866 ut
1777 2841 1848 2865 suo
1874 2831 1958 2865 1060

312 2893 550 2928 notabimus.
577 2894 726 2929 Horum
744 2894 975 2940 scriptorum
994 2893 1172 2938 exempla
1191 2892 1415 2938 archetypa,
1436 2902 1535 2937 quae
1554 2890 1616 2925 hic
1642 2889 1808 2933 edimus,
1836 2888 1953 2923 missa

312 2951 469 2987 fuerunt
487 2964 508 2987 a
527 2952 655 2992 Natali
675 2953 818 2988 Sancto
837 2952 1044 2987 Francisco
1062 2951 1110 2986 de
1130 2951 1257 2996 Borja,
1270 2950 1336 2997 qui
1351 2961 1396 2985 ea
1410 2952 1469 2993 (ut
1484 2949 1568 2996 ipse
1589 2949 1738 2984 Natalis
1753 2948 1792 2983 in
1811 2948 1953 2994 episto-

314 3012 349 3045 la
366 3010 449 3056 387,
469 3023 513 3047 n.
536 3011 569 3058 3,
591 3011 702 3058 dicit)
719 3023 870 3047 summo
889 3010 1061 3059 pontifici
1079 3015 1330 3058 praesentare
1349 3009 1499 3054 debuit,
1520 3015 1562 3044 ut
1581 3008 1629 3044 de
1647 3009 1765 3044 rebus
1783 3018 1954 3043 conven-
