2141 3358
623 237 877 272 PROOEMIUM
902 243 1040 270 TERTII
1064 242 1294 270 VOLUMINIS
1646 242 1747 269 XXIII

150 353 275 383 nunc
297 353 400 382 cum
425 337 624 383 externis
647 337 960 382 conversando
991 336 1122 393 (664).
1158 336 1316 380 Electo
1346 336 1577 380 Everardo
1609 336 1795 378 Mercu-

156 424 284 468 riano
316 421 571 479 praeposito
602 420 803 478 generali
832 419 1090 472 Societatis,
1122 419 1297 463 Natalis
1323 420 1417 475 jam
1451 425 1599 463 aetate
1630 433 1794 475 prove-

157 515 275 560 ctus,
300 513 346 550 et
368 504 579 562 regimini
600 519 706 561 prae
729 503 854 547 senio
877 503 1107 556 inhabilis,
1132 502 1244 545 nihil
1267 502 1442 559 gratius
1464 504 1563 546 Deo
1586 516 1634 545 se
1662 517 1795 558 prae-

157 595 276 632 stare
298 602 430 644 posse
451 587 730 640 existimans,
755 601 889 641 quam
921 593 970 628 ut
998 585 1178 642 scriptis
1207 585 1300 629 suis
1330 592 1578 629 extremam
1607 599 1792 627 manum

155 671 420 728 imponeret,
446 670 491 712 id
509 670 738 712 Everardo
754 668 1006 726 proposuit.
1030 669 1359 721 Mercurianus,
1381 675 1541 725 utpote
1560 668 1636 724 qui
1654 669 1795 725 probe

153 761 342 798 noverat
379 767 594 806 amorem,
635 767 725 808 quo
762 753 937 796 Natalis
975 752 1021 795 in
1055 766 1298 808 germanos
1326 752 1573 804 ferebatur,
1610 759 1792 808 gratum

152 839 379 880 facturum
400 837 522 880 bono
546 836 643 880 seni
666 836 912 880 arbitratus
935 843 1020 888 est,
1046 835 1083 878 si
1106 850 1210 879 eum
1240 834 1286 877 in
1318 835 1610 878 Germaniam
1639 835 1792 878 mitte—

149 929 215 965 ret
246 923 364 978 (731,
397 921 513 977 734).
546 922 703 976 Itaque
733 922 876 964 Roma
905 922 1137 976 profectus
1167 927 1236 962 est
1264 918 1440 963 Natalis
1476 933 1631 962 mense
1670 920 1791 974 Majo

148 1004 255 1048 anni
283 1016 409 1059 1574,
437 1004 690 1047 Bononiam
714 1004 919 1060 pervenit
942 1003 1015 1047 die
1039 1014 1091 1058 25
1117 1003 1322 1059 ejusdem
1346 1001 1532 1053 mensis,
1555 1001 1791 1058 Oenipon-

151 1097 241 1131 tem
270 1101 320 1143 13
336 1088 477 1146 Junii,
503 1095 548 1131 et
570 1088 726 1144 paucis
746 1094 849 1144 post
870 1087 1032 1130 diebus
1050 1087 1233 1139 Halam,
1254 1100 1371 1141 quae
1395 1092 1463 1130 est
1481 1086 1591 1128 urbs
1609 1084 1787 1138 Tirolis,

149 1186 318 1228 magna
340 1172 475 1215 animi
498 1171 807 1215 consolatione
829 1171 1065 1227 ingressus
1087 1177 1157 1214 est
1181 1171 1298 1227 (666,
1325 1170 1444 1225 667).

240 1255 279 1312 c)
303 1256 488 1299 Natalis
512 1256 560 1298 in
583 1255 762 1298 halensi
783 1253 1219 1312 collegia—Tribus
1242 1236 1378 1297 annisv
1397 1260 1442 1297 et
1459 1252 1641 1295 duobus
1658 1251 1788 1294 circi-

150 1346 218 1382 ter
239 1338 472 1383 mensibus
495 1338 641 1382 Halae
661 1337 774 1381 vixit
794 1339 847 1382 Ρ.
868 1337 1059 1389 Natalis,
1086 1337 1240 1392 ibique
1263 1335 1650 1392 septuagesimum
1673 1348 1785 1377 suae

146 1422 307 1467 aetatis
329 1437 499 1465 annum
523 1421 735 1478 explevit.
765 1423 883 1464 Toto
906 1423 992 1464 hoc
1017 1421 1232 1476 temporis
1254 1421 1400 1476 lapsu,
1428 1420 1499 1462 vel
1521 1417 1782 1471 scribendo,

144 1507 217 1550 vel
240 1507 334 1550 suis
356 1506 535 1563 scriptis
558 1506 854 1551 emendandis
876 1520 1060 1561 operam
1084 1504 1284 1559 navavit,
1311 1512 1356 1549 et
1379 1503 1607 1547 interdum
1631 1502 1786 1557 aliqua

146 1590 391 1647 superioris
426 1590 700 1634 Germaniae
734 1590 927 1646 collegia
956 1589 1126 1633 invisit.
1161 1589 1368 1645 Singulis
1398 1587 1634 1632 mensibus
1665 1587 1785 1628 Eve-

149 1675 283 1717 rardo
307 1674 593 1718 Mercuriano
615 1674 816 1718 scribere
837 1674 977 1717 semel
1000 1674 1160 1716 saltem
1180 1671 1395 1724 assuevit,
1416 1671 1683 1725 litterasque
1700 1684 1783 1725 pa-

152 1765 280 1801 terno
303 1773 456 1802 amore
478 1758 632 1814 plenas
654 1759 711 1808 ab
733 1758 808 1800 illo
831 1757 994 1801 eximio
1014 1757 1128 1811 viro,
1155 1756 1231 1812 qui
1255 1770 1430 1799 summa
1451 1753 1692 1811 prudentia
1710 1760 1783 1796 to-

152 1850 243 1886 tam
267 1842 544 1887 Societatem
566 1844 869 1898 gubernabat,
896 1843 1156 1897 frequenter
1182 1841 1369 1897 recepit.
1396 1841 1570 1884 Omnes
1598 1840 1680 1881 has
1707 1837 1784 1880 lit-

151 1932 271 1968 teras
290 1925 426 1969 simul
449 1925 523 1968 hic
545 1926 744 1970 edendas
766 1925 994 1979 duximus3
1021 1924 1229 1981 quamvis
1246 1924 1366 1968 enim
1384 1922 1559 1965 minora
1580 1919 1782 1964 subsidia

147 2008 361 2054 historiae
382 2011 634 2062 conferant,
660 2024 795 2064 quam
824 2009 1164 2065 praecedentes,
1191 2009 1247 2051 de
1277 2007 1442 2063 quibus
1464 2008 1688 2049 hactenus
1710 2003 1778 2046 di—

144 2092 308 2145 ximus,
334 2100 485 2137 tamen
508 2092 692 2137 minime
714 2107 899 2149 prorsus
920 2092 1104 2135 inutiles
1127 2091 1302 2136 censeri
1325 2092 1510 2135 debent.
1531 2091 1580 2133 In
1602 2089 1658 2132 iis
1682 2095 1781 2133 ete-

144 2176 237 2219 nim
261 2192 316 2221 ex
340 2191 430 2220 una
446 2184 573 2233 parte
589 2177 739 2220 elucet
757 2176 1030 2220 Mercuriani
1052 2191 1163 2232 erga
1181 2176 1389 2219 Natalem
1407 2172 1712 2226 observantia,
1735 2179 1781 2216 et

146 2274 295 2303 rerum
318 2274 400 2316 pro
422 2259 650 2305 Societate
673 2262 729 2303 ab
752 2260 850 2317 ipso
873 2267 1106 2317 gestarum
1134 2259 1352 2302 memoria
1381 2265 1426 2302 et
1455 2273 1548 2301 non
1575 2255 1780 2313 vulgaris

148 2343 417 2389 aestimatio.
443 2346 512 2387 En
535 2358 625 2400 quo
647 2351 780 2400 pacto
802 2344 898 2400 ipse
922 2344 1234 2388 Mercurianus
1257 2345 1372 2388 haec
1394 2341 1530 2386 animi
1553 2340 1623 2384 sui
1646 2354 1780 2383 sensa

150 2428 362 2481 Hoffaeo,
387 2427 659 2472 Germaniae
681 2427 927 2484 superioris
948 2426 1229 2483 provinciali,
1249 2425 1494 2483 aperiebat:
1524 2442 1541 2465 «
1556 2431 1780 2479 ...tuaque

150 2511 302 2555 omnia
323 2511 531 2568 collegia,
558 2512 833 2567 ubicumque
855 2511 896 2555 ei
918 2510 1140 2568 placuerit
1162 2509 1445 2561 commorari,
1467 2508 1604 2564 cupio
1626 2514 1676 2550 ut
1698 2521 1780 2563 pa-

148 2602 290 2648 teant,
325 2603 462 2651 atque
499 2596 612 2638 adeo
649 2610 675 2638 a
712 2596 792 2639 T?
820 2597 875 2639 R.
893 2601 913 2622 ²¹
933 2628 942 2647 ,
986 2601 1201 2650 tanquam
1229 2592 1339 2635 mihi
1372 2591 1472 2648 ipsi,
1507 2591 1777 2635 offerantur.

147 2678 382 2735 Optimum
404 2679 523 2723 enim
546 2692 718 2731 senem,
744 2685 790 2722 et
811 2685 1070 2722 nostrarum
1094 2691 1244 2722 rerum
1269 2675 1610 2732 peritissimum,
1631 2672 1779 2716 redire

141 2763 198 2805 ad
219 2777 319 2816 uos,
344 2770 394 2806 ut
415 2763 538 2806 bono
561 2761 699 2805 omini
723 2769 876 2807 uestro
900 2776 1000 2806 esse
1023 2762 1157 2814 duco,
1184 2760 1247 2804 ita
1275 2775 1367 2803 non
1401 2758 1560 2802 dubito
1590 2756 1699 2813 quin
1722 2769 1777 2798 ex

140 2845 343 2890 eiusdem
366 2845 547 2889 diuinae
568 2845 882 2902 prouidentiae
906 2844 1202 2901 dispositione
1219 2842 1477 2900 proueniat3
1499 2840 1620 2897 quia,
1641 2838 1777 2881 mira—

141 2929 221 2972 bili
241 2930 378 2974 huius
400 2930 673 2987 apostolicae
694 2929 814 2974 sedis
835 2928 1074 2982 beneficio,
1096 2942 1205 2984 erga
1222 2926 1530 2978 Germaniam,
1552 2937 1777 2967 summum

146 3011 403 3067 pontificem
421 3013 478 3055 ad
494 3026 734 3068 germanos
752 3012 975 3056 iuuandos
990 3011 1193 3055 induxit»
1211 3010 1344 3067 (817).
1365 3008 1551 3053 «Merita
1569 3013 1615 3050 et
1631 3005 1781 3049 uirtus
