2101 3348
383 223 453 258 208
906 222 1044 256 EPJST.
1074 221 1117 255 P.
1146 221 1417 264 NADAL—420

330 331 491 379 questo
514 324 630 374 loco,
659 324 743 366 che
766 337 841 366 era
864 323 958 365 sola
974 337 1063 364 vna
1080 328 1221 378 punta
1238 322 1281 363 d'
1302 335 1455 374 arena,
1477 335 1553 364 era
1569 320 1709 363 molto
1728 320 1980 364 uerisimil&

330 403 413 444 che
443 401 472 442 il
502 407 640 442 uento
669 406 714 442 et
747 406 966 454 tempesta
995 398 1035 440 ci
1065 413 1260 441 menaua
1289 413 1315 440 a
1344 404 1564 450 trauerso,
1592 411 1617 440 a
1647 398 1743 440 dar'
1773 398 1819 440 in
1848 406 1974 443 certe

333 477 429 521 sirti
451 484 496 520 et
518 476 719 532 virgulti.
747 476 833 518 Sed
855 477 1090 518 Doasninus
1103 477 1207 533 fuit
1230 475 1476 517 nobiscum.

419 567 458 607 4.
524 553 673 596 Insino
696 554 856 595 adesso
875 568 966 595 non
990 555 1050 596 ho
1071 553 1244 609 parlato
1267 567 1352 595 con
1374 553 1417 595 la
1440 554 1615 597 Maesta
1631 553 1703 597 del
1722 552 1971 608 imperato-

333 647 396 684 re,
423 632 480 674 ne
504 645 589 673 con
611 631 641 672 l’
666 630 965 686 imperatrice,
991 631 1028 673 si
1049 645 1130 686 per
1152 631 1194 674 le
1216 629 1304 673 mie
1327 629 1629 685 occupationi,
1650 644 1779 673 come
1801 631 1971 685 perche

334 710 381 753 S.
410 710 471 751 M.
493 709 518 750 e
541 714 658 750 tutta
681 714 809 763 posta
831 707 877 749 in
900 707 1149 764 partirsene
1171 721 1258 750 con
1286 707 1329 750 la
1351 721 1433 750 sua
1462 713 1586 750 corte
1609 707 1695 749 alla
1717 721 1898 762 guerra,
1924 714 1971 750 et

334 788 393 827 m'
419 786 443 828 e
465 791 583 827 stato
606 785 732 827 detto
754 786 837 827 che
860 784 938 840 pisi
961 784 1219 828 facilrnente
1242 783 1271 826 li
1303 785 1467 840 puotro
1489 784 1638 839 parlar
1660 784 1707 826 in
1731 783 1968 836 Possonio,

330 863 539 906 andando
560 878 586 904 a
615 862 859 918 Tyrnauia.
887 863 990 905 Non
1019 876 1203 905 occorre
1232 863 1347 905 altro
1375 862 1417 904 al
1447 868 1674 918 presente.
1703 860 1822 904 Nelli
1851 860 1971 903 santi

329 939 533 994 sacrificij
558 946 603 982 et
624 938 816 981 orationi
833 940 889 983 de
913 940 969 982 V.
999 941 1050 982 P.
1077 939 1216 982 molto
1239 939 1277 981 si
1301 939 1693 982 raccomandiamo
1717 937 1839 980 tutti.
1874 939 1973 980 Do-

328 1018 482 1059 minus
499 1017 557 1059 sit
580 1017 810 1058 nobiscum
833 1022 1025 1073 semper.
1048 1017 1210 1059 Amen.
1238 1017 1308 1059 Da
1331 1015 1529 1070 Vienna,
1555 1015 1628 1058 alli
1647 1028 1674 1070 4
1691 1016 1747 1058 de
1766 1014 1934 1071 Luglio
1958 1017 1967 1037 ¹

336 1095 462 1149 1566.
488 1095 558 1137 De
580 1095 636 1137 V.
660 1095 710 1136 P.
735 1108 869 1136 seruo
892 1109 949 1137 en
972 1093 1074 1146 X.⁰,

1417 1176 1445 1234 -Ι-
1478 1177 1664 1220 NADAL.
1701 1175 1729 1233 ·1·

422 1326 664 1381 Inscriptio
686 1325 735 1367 in
759 1329 924 1381 quarta
945 1326 1144 1382 pagina:
1166 1326 1298 1382 Jhus.
1324 1325 1385 1368 Al
1406 1325 1548 1368 molto
1571 1325 1685 1367 Rdo.
1713 1325 1860 1368 Padre
1882 1338 1967 1367 no-

335 1409 428 1446 stro
446 1403 489 1444 in
510 1402 691 1446 Christo
708 1402 739 1444 il
752 1404 803 1445 P.
825 1403 861 1445 F
865 1416 1079 1445 rancesco
1097 1402 1154 1446 de
1173 1401 1359 1458 Borgia,
1373 1402 1603 1458 preposito
1620 1402 1834 1458 generale
1851 1402 1967 1444 della

335 1479 617 1535 Compagnia
654 1480 710 1522 de
735 1481 846 1537 Jesi'i
874 1486 956 1522 etc.
995 1479 1024 1537 †
1053 1481 1211 1522 Roma.
1245 1480 1352 1522 Alia
1388 1494 1532 1521 manu
1554 1495 1566 1521 .·
1609 1480 1734 1534 1566.
1770 1479 1968 1523 Vienna.

334 1558 387 1600 P.
414 1558 584 1601 Natale.
610 1570 637 1610 4
666 1557 709 1599 di
733 1557 913 1613 Luglio.
941 1557 994 1600 C.
1030 1558 1283 1614 Vestigium
1306 1558 1472 1614 sigilli.

1092 1669 1215 1709 212«)

779 1753 825 1788 5.
869 1753 1200 1789 FRANCISCUS
1239 1754 1309 1789 DE
1346 1753 1517 1800 BORJA

679 1833 888 1874 PATRI
920 1832 1345 1876 HIERONYMO
1379 1832 1622 1875 NADAL

836 1917 995 1954 ROMAE,
1027 1916 1069 1943 10
1101 1916 1285 1944 AUGthri
1314 1908 1404 1953 1566
1428 1909 1459 1945 2.

329 1990 363 2016 Ι.
386 1980 663 2027 Confirmaticr
677 1980 812 2015 electio
829 1980 876 2014 B.
892 1980 1008 2014 Petri
1025 1978 1182 2014 canisii
1195 1980 1249 2014 ad
1264 1991 1410 2014 munus
1423 1979 1704 2026 provincialis:
1719 1980 1870 2025 scripta
1884 1979 1968 2014 Na<

378 2040 474 2075 talis
497 2042 651 2086 recepta
667 2052 678 2073 .-
705 2038 893 2074 canisius
915 2039 1041 2074 sacris
1066 2038 1382 2085 expeditionibus
1406 2050 1486 2074 non
1510 2039 1689 2086 auriplius
1713 2039 1967 2086 occupandus

378 2102 583 2145 speratur.
594 2108 676 2133 -2.
703 2098 763 2133 De
780 2098 896 2133 sociis
909 2100 985 2144 per
1003 2098 1173 2145 collegia
1190 2098 1492 2133 distribuendis.

427 2189 463 2219 Ι.
522 2177 653 2233 ]11115.
682 2175 821 2218 Molto
845 2176 957 2217 Rdo.
985 2174 1031 2216 in
1053 2176 1171 2231 Xpo.
1196 2175 1356 2219 Padre.
1381 2177 1477 2219 Pax
1499 2174 1624 2232 Xpi.,
1646 2182 1732 2220 etc.
1756 2177 1831 2218 Ho
1847 2175 1965 2219 rice-

330 2259 445 2295 uuto
468 2252 615 2307 quelle
638 2252 681 2294 di
704 2253 760 2294 V.
783 2253 837 2294 R.
859 2251 903 2293 di
928 2264 978 2308 19
1001 2258 1044 2294 et
1065 2264 1120 2295 20
1137 2251 1182 2294 di
1200 2252 1383 2308 Luglio,
1404 2252 1515 2296 fatte
1533 2252 1579 2294 in
1597 2252 1799 2309 Dilinga,
1820 2259 1866 2297 et
1881 2268 1963 2309 per

329 2330 490 2373 lettere
512 2329 581 2373 del
614 2330 665 2371 P.
692 2328 874 2371 Canisio
907 2328 957 2385 (11
991 2330 1094 2383 qual
1127 2328 1192 2372 sia
1220 2329 1266 2371 in
1289 2330 1413 2372 buon
1441 2331 1553 2373 hora
1581 2330 1850 2373 confirmato
1881 2344 1961 2386 per

406 2504 416 2523 ¹
467 2501 533 2537 Sic
551 2500 590 2536 in
613 2501 839 2547 archetypO,
863 2500 932 2535 sed
957 2507 1016 2536 est
1041 2513 1146 2537 error
1168 2501 1330 2537 evidens
1354 2502 1480 2537 Patris
1504 2502 1696 2548 Jimenez,
1716 2503 1782 2550 qui
1806 2503 1961 2549 scripsit

335 2561 480 2609 Luglio
498 2571 567 2607 pro
591 2560 755 2605 Agosto.
775 2560 888 2594 Patet
907 2571 955 2594 ex
974 2561 1043 2595 hac
1061 2560 1144 2606 ipsa
1164 2561 1342 2608 epistola,
1362 2561 1401 2597 in
1419 2573 1495 2608 qua
1513 2561 1566 2597 ait
1584 2561 1749 2608 Natalis,
1768 2574 1811 2598 se
1835 2561 1898 2598 die
1917 2570 1963 2607 27

330 2622 406 2663 (sc.
437 2619 560 2665 Julii)‚
587 2618 859 2653 vindobonam
889 2618 1132 2665 pervenisse,
1160 2625 1199 2654 et
1229 2621 1434 2666 epistolam
1464 2620 1644 2666 Borgiae,
1669 2620 1732 2655 die
1767 2620 1808 2656 13
1833 2621 1963 2657 datam

328 2677 412 2723 (ubi
429 2678 478 2714 de
503 2677 691 2715 Olomutii
713 2677 879 2723 collegio
897 2678 1111 2713 secundum
1131 2679 1326 2725 pontificis
1351 2680 1536 2726 placitum
1560 2680 1800 2726 acceptando
1820 2680 1964 2716 scribe-

328 2739 410 2783 bat)
427 2737 642 2784 recepisse.
666 2737 781 2773 Unde
799 2742 932 2783 aperte
948 2737 1070 2783 liquet
1087 2737 1150 2772 die
1168 2748 1190 2782 4
1209 2738 1303 2784 Julii
1322 2740 1421 2775 hanc
1440 2739 1645 2786 epistolam
1663 2739 1783 2775 scribi
1808 2750 1884 2775 non
1898 2751 1968 2786 po-

332 2797 473 2833 tuisse.

398 2857 413 2877 ²
461 2857 519 2892 Ex
537 2857 762 2902 archetypo,
783 2867 804 2890 a
825 2856 854 2890 F
857 2855 1051 2891 ernaudez
1077 2862 1249 2901 exarato,
1269 2863 1308 2893 et
1335 2858 1501 2904 Borgiae
1527 2870 1643 2894 manu
1668 2858 1904 2905 subscripto,
1924 2858 1965 2897 in

326 2915 425 2952 Cod.
458 2926 505 2962 34
529 2915 674 2962 duplici
692 2915 783 2960 fol.,
807 2914 870 2959 185
891 2914 980 2961 (69).
1007 2915 1100 2950 Post
1118 2916 1304 2962 scripturn
1325 2919 1373 2952 ab
1393 2917 1470 2952 illis
1496 2918 1641 2953 verbis:
1673 2918 1731 2964 Oy
1755 2921 1933 2954 estune..
1948 2946 1955 2954 .

324 2985 448 3022 usque
466 2974 514 3009 ad
531 2968 663 3017 finem,
682 2973 847 3019 Borgiae
867 2985 982 3009 manu
1000 2979 1200 3010 exaratum
1219 2981 1292 3010 est.
1314 2975 1413 3011 Vide
1434 2976 1549 3022 epist.
1569 2985 1639 3021 414
1657 2981 1697 3012 et
1714 2984 1797 3021 415,
1817 2976 1961 3023 quibus

323 3035 421 3070 haec
438 3032 661 3080 respondet.
