2101 3348
428 249 501 285 820
1009 249 1147 284 EPIST,
1175 247 1219 284 P.
1248 247 1399 284 NADAL

1091 423 1306 466 LXXXII

804 517 848 553 P.
871 516 1191 553 EVERARDUS
1210 515 1594 554 MERCURIANUS

1018 613 1158 653 JULIO
1189 614 1379 643 ECHTER

961 694 1146 740 episcopo
1163 692 1426 740 herbipolensi

840 773 1061 824 Romae,
1099 782 1159 826 25
1190 771 1317 827 Maji
1355 782 1486 826 1574
1514 772 1542 816 ¹.

913 859 1177 896 Commendat
1195 860 1246 896 P.
1273 859 1476 896 Natalem.

460 942 559 987 Nisi
581 957 969 999 cognosceremus
990 957 1169 995 omnes,
1195 941 1273 998 qui
1294 956 1319 986 e
1341 942 1568 988 Societate
1585 949 1740 986 nostra
1757 950 1880 996 sunt,
1902 945 2011 988 Cel-

368 1002 579 1046 situdinis
601 1004 709 1046 V.ae
733 1002 1060 1047 Serenissimae
1081 1002 1295 1058 pietatem
1319 1016 1373 1045 ac
1397 1001 1644 1057 singularia
1674 1009 1719 1046 et
1748 1002 2010 1058 plenissima

370 1061 668 1118 ¹wenignitatis
700 1076 810 1118 erga
844 1061 1119 1106 Societatem
1157 1069 1356 1105 nostram
1389 1061 1578 1115 merita;
1611 1061 1868 1106 faciendum
1896 1062 2006 1106 mihi

370 1129 593 1176 putarem,
614 1122 689 1165 uel
706 1122 922 1165 deuotum
942 1120 1142 1164 omnium
1161 1128 1365 1164 nostrum
1384 1122 1489 1167 V.ae
1510 1121 1779 1165 Celsitudini
1797 1121 2004 1166 Serenis-

369 1241 425 1284 R.
453 1241 636 1283 Patrem
658 1239 925 1295 magistrum
950 1241 1293 1295 Hyeronymum
1311 1240 1536 1293 Natalem,
1556 1240 1633 1295 qui
1650 1240 1799 1283 isthuc
1821 1239 1867 1283 in
1885 1241 2004 1284 Ger-

367 1299 563 1342 maniam
587 1298 730 1351 uenit,
755 1306 800 1344 et
823 1299 1084 1355 aliquandiu
1107 1299 1253 1343 Halae
1274 1307 1635 1342 commoraturus
1651 1306 1735 1351 est,
1760 1299 2002 1356 diligenter

368 1359 746 1402 commendarem.
779 1360 951 1403 Verum
984 1373 1088 1402 cum
1119 1358 1220 1411 ille,
1245 1366 1425 1414 praeter
1455 1360 1568 1402 haec
1600 1358 1770 1412 omnia,
1796 1359 2001 1415 obsequii

368 1432 478 1474 erga
500 1418 642 1473 ipsam
665 1417 808 1461 nostri
837 1417 921 1462 erit
954 1417 1098 1471 testis,
1124 1419 1212 1460 hoc
1244 1417 1353 1460 mihi
1385 1418 1494 1461 satis
1524 1417 1609 1461 erit
1639 1418 2000 1471 dicere,‚bonum

369 1477 492 1520 hunc
515 1478 722 1531 Patrem,
748 1484 883 1532 atque
907 1478 963 1520 de
992 1477 1219 1522 Societate
1247 1484 1400 1520 nostra
1428 1477 1596 1533 optime
1625 1477 1856 1530 meritum,
1881 1479 2001 1522 Ger-

367 1536 546 1581 maniae
568 1551 745 1592 semper
767 1551 920 1580 amore
944 1537 1076 1581 ualde
1100 1536 1239 1580 fuisse
1270 1537 1482 1581 affectum
1504 1552 1513 1590 ;
1549 1551 1666 1592 quae
1697 1536 1822 1579 illurn
1854 1552 1926 1581 res
1948 1552 2001 1581 ac
2053 1547 2061 1554 '

368 1603 554 1639 sanctae
576 1595 808 1652 religionis
830 1597 954 1639 zelus
977 1597 1124 1639 adhuc
1146 1596 1338 1651 impulit,
1360 1603 1411 1639 ut
1427 1598 1510 1639 hos
1528 1611 1636 1639 suae
1653 1596 1901 1640 senectutis
1918 1597 1999 1639 ali-

367 1662 478 1710 quot
514 1670 657 1698 annos
694 1655 827 1698 isthic
864 1656 1112 1711 impendat,
1146 1655 1343 1710 fideique
1375 1655 1706 1699 restitutionem
1740 1663 1785 1698 et
1821 1655 2003 1711 pietatis

366 1714 757 1770 propagationem,
779 1714 945 1769 quibus
967 1715 1135 1770 poterit
1158 1714 1424 1767 rationibus,
1445 1714 1587 1759 iuuet.
1610 1716 1711 1758 Hoc
1730 1715 1998 1759 Celsitudini

367 1775 471 1818 V.ae
499 1775 681 1818 Ser.mae
703 1789 797 1817 non
819 1774 976 1817 dubito
995 1773 1103 1829 quin
1126 1774 1184 1816 sit
1208 1775 1409 1817 futurum
1433 1774 1756 1830 gratissimum,
1781 1774 1869 1823 cui,
1897 1781 2001 1830 post

365 1832 661 1876 humillimam
693 1833 739 1875 in
771 1833 966 1877 Domino
1004 1833 1339 1885 salutationem,
1371 1833 1505 1890 cupio
1541 1849 1566 1876 a
1604 1833 1758 1877 diuina
1794 1834 1997 1877 bonitate

363 1892 514 1935 omnia
541 1894 660 1935 bona
692 1892 997 1948 diuturnaque
1028 1894 1085 1935 ad
1117 1893 1187 1935 sui
1219 1892 1363 1936 sancti
1395 1892 1590 1936 nominis
1628 1893 1816 1949 gloriam
1855 1893 1994 1936 uitam

362 1952 565 1996 concedi.
593 1953 777 2006 Romae,
805 1963 857 2007 25
883 1952 990 2008 Maji
1019 1963 1145 2007 1574.

1063 2066 1295 2108 LXXXIII

903 2154 949 2189 Β.
977 2153 1181 2189 PETRUS
1208 2153 1450 2190 CANISIUS

791 2245 932 2275 PATRI
969 2245 1223 2275 EVERARDO
1257 2245 1569 2275 MERCURIANO

837 2319 1120 2375 Oeniponte,
1153 2333 1203 2377 19
1220 2319 1329 2377 Julii
1357 2331 1467 2374 1574
1484 2321 1518 2365 ².

681 2409 729 2443 P.
752 2408 913 2443 Natalis
928 2409 1102 2444 adventu
1122 2408 1165 2443 in
1188 2407 1453 2443 Germaniam
1473 2408 1666 2444 laetatur.

448 2486 596 2528 Tanto
618 2485 791 2541 gratior
814 2485 945 2528 nobis
968 2492 1013 2529 et
1036 2485 1117 2528 toti
1140 2485 1391 2540 provintiae
1418 2485 1611 2541 contigit
1635 2488 1686 2528 P.
1713 2486 1886 2529 Natalis
1908 2488 1991 2530 ad—

356 2551 536 2597 ventus,
558 2558 648 2599 quo
665 2543 739 2588 ille
758 2544 842 2586 fuit
858 2544 1197 2600 inexpectatior.
1220 2546 1478 2600 Utcumque
1494 2546 1631 2588 habet
1647 2546 1885 2598 hactenus,
1902 2546 1988 2590 Dei

354 2603 517 2658 gratia,
545 2618 677 2657 quem
703 2618 790 2659 ego
814 2610 962 2647 tamen
987 2603 1176 2659 optarim
1200 2604 1384 2659 reginae
1414 2604 1839 2648 commendatiorem
1868 2619 1981 2649 esse.

354 2662 642 2706 Imbecillitas
665 2663 779 2705 haec
805 2677 1122 2716 germanorum
1155 2670 1245 2714 est,
1272 2670 1322 2705 ut
1354 2678 1461 2706 suos
1493 2670 1537 2707 et
1569 2678 1810 2719 germanos
1841 2664 1989 2719 magis

354 2735 490 2776 quam
516 2729 695 2765 exteros
719 2729 764 2764 et
786 2721 1001 2776 hispanos
1024 2728 1176 2765 ament
1199 2729 1334 2776 atque
1353 2723 1725 2778 complectantur.
1747 2725 1888 2766 Deest
1905 2723 1987 2766 ali-

350 2780 459 2835 quid
482 2781 602 2822 bono
627 2780 749 2823 Patri
773 2781 828 2822 ad
851 2795 927 2822 eas
951 2780 1307 2832 commoditates,
1334 2796 1445 2835 quas
1468 2781 1513 2823 in
1538 2782 1783 2825 tractandis
1805 2783 1981 2835 studiis,

349 2839 535 2894 suisque
553 2839 732 2895 scriptis
750 2839 1053 2891 absolvendis,
1074 2839 1328 2883 desiderare
1345 2840 1537 2884 videtur.
1557 2841 1647 2886 Sed
1664 2848 1766 2898 post
1781 2855 1981 2886 mensem

417 2970 425 2989 ¹
478 2970 535 3004 Ex
554 2970 740 3015 Regesto,
765 2968 863 3005 Cod.
887 2968 997 3015 33j),
1019 2969 1084 3004 fol.
1108 2977 1162 3004 11.

412 3030 426 3049 ‘-'
478 3029 536 3064 Ex
554 3029 808 3076 autographo,
829 3029 867 3064 in
887 3029 1014 3076 Epist.
1038 3027 1207 3074 Canisii,
1228 3027 1279 3073 ΙΙ,
1299 3036 1380 3073 274.
