2101 3348
651 695 1328 765 SUPPLEMENTUM

972 907 996 942 Ι

624 987 671 1021 Ρ.
715 985 954 1032 JOANNES
994 987 1063 1021 DE
1101 986 1349 1024 POLANCO

711 1075 759 1099 ex
777 1063 1053 1100 commissione
1073 1063 1112 1099 S.
1135 1063 1277 1110 Ignatii

482 1143 693 1186 PATRI
741 1143 1068 1185 ANTONIO
1117 1143 1206 1184 DE
1259 1142 1499 1185 ARAOZ

698 1240 857 1278 ROMAE,
880 1239 922 1276 14
941 1239 1122 1266 AUGUSTI
1144 1229 1234 1275 1553
1260 1231 1284 1266 ¹.

245 1310 337 1355 Quo
355 1309 530 1350 nomine,
550 1321 629 1354 qua
647 1308 900 1350 auctoritate,
920 1308 1081 1343 Natalis
1098 1308 1141 1343 in
1159 1308 1404 1354 Hispaniam
1424 1311 1459 1343 et
1482 1308 1734 1342 Lusitaniam

890 1368 1093 1404 mittatur.

263 1453 350 1496 Del
374 1451 589 1505 visitador
626 1467 683 1508 ya
705 1467 813 1508 para
834 1458 930 1495 este
960 1451 1128 1507 tiempo
1157 1466 1261 1494 creo
1284 1466 1342 1507 yo
1370 1466 1418 1494 56
1448 1452 1554 1494 abrai
1583 1450 1701 1493 visto
1724 1464 1808 1493 con

174 1512 232 1555 V.
260 1513 314 1554 R.
341 1512 393 1554 El
416 1527 474 1554 no
499 1513 617 1554 lleua
647 1513 706 1554 tal
740 1512 944 1563 nombre,
980 1511 1078 1554 sino
1107 1512 1164 1555 de
1192 1510 1466 1562 comissario,
1504 1524 1676 1566 porque
1698 1510 1807 1552 abra

174 1571 232 1615 de
254 1572 473 1615 entender
495 1587 550 1615 en
570 1586 694 1615 65505
717 1584 879 1626 reynos
898 1585 926 1625 y
949 1585 1005 1612 en
1029 1571 1069 1613 el
1099 1571 1154 1614 de
1186 1571 1405 1625 Portugal
1434 1585 1489 1614 en
1514 1571 1705 1625 algunas
1727 1583 1806 1611 6ο-

175 1645 248 1673 sas
271 1644 359 1684 que
383 1630 619 1685 requieren
641 1631 685 1672 la
707 1645 877 1674 mesma
899 1629 1168 1672 authoridad
1186 1644 1274 1684 que
1292 1636 1477 1673 nuestro
1503 1630 1648 1672 Padre
1667 1628 1804 1680 tiene,

177 1703 306 1732 como
330 1704 378 1733 es
401 1703 456 1731 en
480 1690 523 1732 10
546 1704 633 1744 0116
658 1696 756 1732 toea
780 1694 805 1731 εἰ
827 1691 892 1731 las
915 1688 1268 1731 constituciones
1297 1704 1326 1744 y
1354 1690 1518 1744 reglas3
1551 1704 1578 1744 y
1609 1687 1805 1730 tambien

179 1750 377 1804 ayudara
399 1763 455 1791 en
478 1749 522 1791 10
543 1750 599 1791 (16
620 1750 686 1791 las
703 1750 879 1792 scuelas
901 1763 928 1803 y
952 1762 1008 1790 en
1034 1749 1141 1791 todo
1163 1749 1206 1790 10
1234 1749 1387 1791 demas
1416 1762 1503 1803 que
1527 1762 1575 1791 56
1604 1746 1808 1789 offreeie-

179 1822 242 1850 re.
280 1809 362 1851 Asi
394 1822 481 1862 que
504 1823 564 1850 no
588 1809 756 1852 lleuara
784 1808 906 1850 color
935 1809 991 1851 de
1029 1809 1262 1859 reformar,
1296 1822 1474 1862 avnque
1498 1809 1605 1849 harei
1635 1807 1743 1848 todo
1766 1806 1809 1848 10

179 1882 269 1922 0116
292 1867 477 1923 pudiere
499 1882 553 1911 en
578 1868 726 1923 ayuda
748 1866 976 1909 Vniuersa]
998 1882 1026 1922 y
1048 1866 1291 1922 particular
1313 1868 1368 1909 de
1392 1867 1523 1909 todos
1540 1868 1607 1909 105
1629 1866 1685 1909 (16
1705 1865 1807 1917 allai,

177 1941 310 1969 como
332 1940 524 1982 persona
547 1941 634 1981 que
658 1941 764 1982 para
787 1927 873 1969 6110
897 1925 1016 1970 tiene
1039 1927 1135 1970 zelo
1153 1941 1181 1981 y
1205 1927 1391 1980 talento,
1411 1941 1440 1982 y
1457 1927 1514 1968 (16
1532 1926 1668 1982 quien
1688 1923 1810 1968 tiene

176 1993 363 2030 nuestro
387 1986 533 2029 Padre
558 1987 661 2029 toda
691 1986 942 2039 confianea.

974 2114 1009 2151 32

736 2193 1110 2231 GUNDISALVUS
1144 2194 1249 2229 VAZ

503 2274 755 2317 SANCTO
796 2274 1058 2316 IGNATIO
1100 2274 1182 2315 DE
1224 2273 1482 2316 LOYOLA

637 2369 911 2405 ULYSSIPONE,
939 2370 982 2406 27
1001 2370 1193 2404 JANUARII
1221 2368 1310 2406 1554
1327 2363 1356 2396 2.

680 2438 996 2485 Informationes
1013 2439 1060 2474 de
1077 2439 1131 2473 P.
1156 2438 1312 2473 Natali.

261 2517 409 2573 Jesus.
439 2517 534 2559 Pax
557 2516 633 2559 X.i
659 2517 700 2560 O
741 2517 887 2560 Padre
920 2519 1089 2560 Mestre
1122 2516 1237 2559 Mire]
1260 2517 1292 2570 ³,
1318 2530 1429 2559 noso
1452 2514 1712 2571 prouintial,
1738 2529 1810 2558 me

247 2646 256 2666 ¹
310 2647 367 2681 Ex
384 2646 571 2694 Regem,
593 2646 692 2682 Cod.
718 2657 781 2693 19,
797 2648 875 2682 vol.
898 2648 927 2692 Ι,
945 2647 1012 2682 fol.
1028 2647 1063 2682 8.
1079 2647 1180 2682 Vide
1195 2647 1324 2693 Epist.
1342 2646 1498 2688 Natal.‚
1515 2646 1544 2684 Ι,
1566 2644 1631 2690 143
1646 2650 1685 2680 et
1700 2656 1808 2691 seqq.

243 2708 256 2727 ”-’
307 2706 365 2740 Ex
383 2707 638 2752 autographo,
657 2706 696 2741 in
718 2705 812 2741 Cod.
833 2717 901 2751 44,
921 2706 1036 2741 unico
1060 2706 1126 2741 fol.
1152 2707 1231 2751 187,
1252 2706 1370 2751 (506).
1401 2704 1526 2751 Hujus
1552 2704 1697 2740 codicis
1722 2703 1807 2738 des-

171 2764 400 2811 criptionem
419 2765 539 2800 habes
559 2765 597 2800 in
622 2766 751 2812 Epist.
772 2765 936 2802 Affixtae.
959 2767 1032 2807 ΙΙΙ,
1057 2766 1139 2811 716.
1167 2766 1246 2802 Ubi
1270 2767 1365 2800 haec
1385 2765 1549 2811 epistola
1567 2763 1655 2798 data
1674 2762 1738 2807 sit,
1759 2774 1807 2798 ex

172 2823 255 2870 ipsa
281 2834 356 2858 non
377 2829 544 2859 constat.
570 2824 723 2860 Scimus
749 2830 879 2860 tamen
905 2825 1062 2860 aliunde
1084 2826 1125 2860 Ρ.
1148 2824 1434 2860 Gundisalvum
1461 2824 1542 2858 Vaz
1567 2822 1806 2868 Ulyssipone

171 2884 244 2918 hoe
264 2887 438 2929 tempore
457 2883 632 2929 degisse.
656 2884 757 2919 Vide
776 2885 909 2931 Epist.
936 2884 1101 2928 Natul„
1122 2885 1153 2928 Ι,
1177 2893 1255 2929 195.

245 2943 259 2963 3
310 2943 354 2979 P.
386 2942 557 2979 Didaeus
588 2943 725 2988 Mir0n‚
756 2943 867 2990 cujus
901 2943 1084 2990 frequens
1116 2945 1262 2979 mentio
1298 2943 1335 2977 in
1368 2942 1509 2977 nostris
1544 2940 1809 2975 voluminibus

177 3001 284 3037 facta
302 3007 375 3038 est.
