2101 3348
332 217 402 263 426
847 217 986 252 EP1s'r.
1016 216 1061 250 Ρ.
1090 216 1126 251 N
1129 225 1360 263 Amin-474

278 322 366 362 che
406 319 559 360 hanno
599 315 744 369 afitto,
784 330 921 359 senza
958 318 1136 372 puoter'
1161 317 1408 373 predicare,
1446 320 1503 362 110
1540 320 1701 375 leger’,
1733 320 1790 362 110
1828 319 1929 363 dire

280 410 452 448 messa,
489 396 531 436 13
572 393 706 448 quale
744 402 891 436 tamen
923 392 1086 436 dicono
1119 393 1165 436 in
1198 409 1302 438 casa
1334 400 1679 440 secretamente.
1707 397 1764 438 Et
1796 403 1925 439 tanto

278 476 431 516 hanno
454 470 610 528 patito,
641 472 725 514 che
747 484 839 512 non
862 484 1003 525 penso
1026 471 1113 514 che
1136 472 1249 515 altro
1272 472 1436 515 nisuno
1459 487 1547 515 non
1569 472 1605 515 si
1624 472 1711 515 fusi
1735 472 1922 515 retirato

279 566 305 593 a
326 549 531 600 Colonia,
557 562 607 590 se
630 561 720 589 non
744 549 857 590 Mro.
887 547 1086 600 Audrea,
1113 548 1143 590 il
1160 549 1293 603 quale
1310 550 1368 592 ha
1385 551 1578 592 hauutto
1597 564 1773 605 sempre
1792 556 1917 592 tanta

278 626 530 671 intentione
554 625 598 668 di
622 625 799 681 giouar’
826 624 856 665 il
879 638 961 667 suo
978 639 1130 680 paese.
1157 627 1213 668 Et
1232 630 1381 668 tamen
1405 627 1566 670 adesso
1584 641 1690 682 pare
1708 628 1792 669 che
1815 626 1919 682 quel

279 702 503 749 desiderio
526 703 563 745 si
585 704 609 745 0
632 701 749 744 35531
773 701 976 744 111110550.
1004 703 1195 746 1111011ᾶο
1218 705 1302 747 0110
1325 704 1475 758 quella
1497 717 1649 759 opera,
1669 717 1760 745 non
1779 703 1827 744 fu
1850 702 1918 744 in-

282 781 551 825 cominciata
573 794 660 823 con
684 792 890 835 espresso
913 786 958 823 et
985 779 1139 822 chiaro
1168 794 1391 823 consenso
1421 781 1466 822 di
1496 781 1552 823 N.
1581 782 1633 823 P.
1662 782 1776 824 Mro.
1803 781 1922 835 Lay-

281 874 380 911 neZ,
407 874 456 902 se
479 873 569 900 non
593 871 673 913 per
696 863 821 900 certa
845 856 1163 900 commissione
1186 858 1271 901 che
1294 857 1458 900 dicono
1480 858 1639 900 hauer’
1660 859 1853 900 hauutto
1876 857 1921 898 d'

283 938 450 980 andare
489 938 602 979 Mro.
647 935 833 978 Andrea
865 935 924 986 la,
960 948 986 976 a
1019 935 1184 978 vedere
1216 949 1266 978 se
1298 934 1335 977 si
1367 934 1617 991 puotrebbe
1650 935 1730 977 far’
1758 934 1925 976 alchun

293 998 451 1056 frutto.
480 1014 536 1055 Et
559 1017 720 1067 questo
742 1011 867 1053 buon
892 1012 1053 1063 Padre,
1080 1012 1288 1054 andando
1311 1018 1354 1056 et
1371 1012 1579 1054 venendo
1599 1019 1758 1066 quatro
1779 1025 1806 1053 0
1829 1010 1927 1053 cin-—

282 1106 372 1146 que
393 1091 516 1134 volte
539 1090 624 1132 alla
651 1095 776 1132 corte
798 1088 842 1131 di
867 1089 902 1130 F
906 1088 1077 1141 iandra,
1105 1089 1202 1132 fece
1224 1089 1484 1132 finalmente
1509 1096 1636 1131 tanto
1667 1103 1747 1144 per
1759 1100 1926 1131 mezzo

281 1169 356 1211 del
378 1166 531 1223 Viglio
554 1173 598 1209 et
622 1167 776 1221 Opero
799 1167 827 1217 ¹,
855 1166 944 1209 che
965 1180 1078 1208 sono
1102 1165 1228 1221 frisij,
1249 1165 1383 1210 cheli
1407 1167 1568 1208 furono
1591 1164 1819 1221 assegnati
1840 1178 1924 1218 300

284 1244 430 1288 fiorini
454 1243 640 1286 carolini
664 1257 799 1299 sopra
821 1242 933 1286 certi
962 1243 1068 1288 beni
1090 1241 1132 1285 d’
1156 1258 1219 1286 un
1247 1243 1519 1286 monasterio
1543 1243 1760 1294 desolato,
1787 1256 1926 1285 senza

289 1336 409 1374 casa,
435 1335 570 1364 senza
593 1320 760 1372 chiesa,
787 1335 922 1363 senza
944 1321 1113 1364 schole.
1140 1321 1389 1363 Andorono
1411 1321 1634 1363 cercando
1666 1320 1786 1362 doue
1808 1333 1923 1374 puo-

291 1408 439 1443 tesero
462 1397 690 1449 fermarsi,
716 1404 761 1440 et
790 1398 1051 1441 finalmente
1082 1398 1119 1440 si
1153 1399 1410 1442 fermorono
1439 1397 1484 1439 in
1507 1412 1596 1439 vna
1625 1405 1744 1441 terra
1776 1398 1860 1439 che
1888 1397 1925 1438 si

290 1477 390 1520 dice
412 1477 518 1518 Ilsta
535 1476 567 1527 ²,
594 1475 658 1517 sei
681 1475 890 1531 giornate
913 1476 1096 1518 lontano
1119 1476 1176 1518 da
1198 1474 1402 1518 Colonia.
1425 1476 1481 1516 Et
1505 1475 1679 1517 benche
1702 1474 1862 1516 adesso
1886 1474 1925 1516 ci

289 1556 315 1597 0
338 1569 398 1596 vn
421 1559 553 1595 conte
576 1566 664 1594 con
694 1560 831 1607 gente
861 1552 905 1594 di
935 1567 1101 1608 guerra
1128 1559 1286 1595 contra
1316 1552 1379 1608 gli
1407 1551 1617 1604 heretici,
1655 1555 1805 1593 tamen
1839 1565 1929 1593 non

293 1633 444 1673 hanno
467 1629 544 1685 piu
566 1629 727 1673 liberta
745 1631 829 1673 che
851 1629 1021 1682 auanti,
1047 1631 1137 1672 imo
1161 1637 1343 1673 temono
1372 1629 1499 1684 quasi
1529 1629 1604 1684 piu
1633 1628 1793 1672 adesso
1824 1627 1928 1670 dalli

291 1708 457 1751 soldati
476 1713 512 1760 a,
546 1722 637 1749 non
665 1708 857 1752 essendo
888 1709 1084 1750 anchora
1117 1707 1281 1750 ridotta
1312 1707 1355 1749 la
1388 1714 1527 1759 terra,
1559 1707 1648 1748 imo
1680 1704 1929 1765 temendosi

292 1786 455 1829 adesso
480 1792 844 1836 comunemente,
871 1792 916 1827 et
939 1785 1149 1827 hauendo
1172 1785 1249 1841 piu
1277 1784 1487 1827 incertitu
1517 1785 1603 1826 che
1633 1782 1737 1825 mai.
1762 1784 1809 1825 Io
1831 1784 1930 1826 fece

291 1862 318 1904 l’
343 1877 517 1906 essame
538 1861 803 1918 particolare
827 1876 912 1904 con
943 1864 1058 1905 Mro.
1086 1863 1293 1914 Andrea,
1320 1869 1365 1906 et
1394 1863 1437 1904 lo
1475 1859 1697 1904 confessai
1721 1860 1929 1916 general-

291 1947 458 1992 mente,
486 1946 530 1983 et
553 1939 818 1995 applicando
841 1939 871 1981 il
894 1940 1126 1996 conseglio
1143 1940 1200 1983 de
1218 1938 1364 1994 questi
1386 1938 1519 1982 Padri
1542 1939 1597 1981 de
1620 1951 1722 1980 casa
1746 1950 1831 1979 con
1849 1936 1929 1988 lui,

291 2031 421 2073 parse
445 2032 470 2059 a
492 2017 597 2059 tutti
615 2018 717 2069 che,
739 2018 783 2060 di
807 2017 870 2060 sei
889 2019 975 2061 che
997 2031 1108 2060 sono
1131 2018 1188 2069 13,
1215 2024 1447 2061 1051350110
1470 2015 1565 2066 doi,
1588 2017 1702 2058 Mro.
1729 2014 1931 2066 Andrea,

292 2101 337 2138 et
362 2094 573 2149 Philippo
592 2096 604 2114 ⁵
631 2110 709 2150 per
732 2095 1003 2151 compagnio
1027 2102 1071 2139 et
1094 2094 1372 2146 coadiutore;
1399 2093 1462 2149 gli
1486 2092 1584 2135 altri
1608 2099 1769 2147 quatro
1792 2106 1932 2135 vene-

296 2185 397 2213 sero
419 2186 444 2212 a
468 2172 672 2224 Colonia,
699 2180 744 2216 et
763 2172 1039 2227 aspettasino
1061 2172 1092 2214 il
1115 2179 1264 2227 tempo
1287 2172 1342 2214 de
1365 2172 1561 2213 alchuna
1591 2168 1853 2212 fundatione
1886 2167 1938 2212 di.

295 2248 443 2302 quella
466 2262 615 2302 opera,
637 2263 684 2291 se
706 2248 739 2291 s'
765 2251 823 2292 ha
846 2265 871 2292 a
895 2249 1105 2301 ritenere,
1128 2249 1287 2305 poiche
1310 2248 1355 2290 in
1378 2255 1539 2303 questo
1564 2255 1729 2302 tempo,
1751 2252 1795 2288 et
1818 2259 1934 2287 sono

365 2355 385 2375 a
425 2347 608 2394 Sequitur
625 2352 661 2383 et
679 2350 945 2384 obliteratum.
973 2350 1034 2384 Ad
1052 2351 1198 2385 calcem
1217 2348 1331 2395 hujus
1350 2348 1495 2395 primae
1514 2347 1689 2393 pagellae
1704 2347 1800 2381 haec
1814 2356 1931 2379 anno-

293 2406 392 2441 tavit
409 2406 520 2441 ]ibr.:
542 2406 709 2452 Hijuela
729 2409 829 2443 delle
847 2409 1025 2454 epistole.

370 2498 378 2517 ¹
431 2497 490 2530 De
509 2496 567 2531 his
587 2496 669 2543 ipse
690 2498 732 2532 Ρ.
753 2499 959 2534 Boccatius
977 2500 1072 2534 haec
1087 2499 1191 2534 Patri
1207 2499 1362 2543 Kessel,
1378 2497 1517 2532 rectori
1532 2494 1756 2541 coloniensi,
1775 2494 1931 2540 scripsit

294 2554 340 2589 28
359 2555 451 2600 Julii
474 2559 576 2600 15o4:
599 2568 616 2589 «
629 2583 636 2590 .
653 2585 659 2592 .
677 2557 733 2592 .d.
760 2558 982 2602 Joachimus
1008 2559 1212 2605 Hopperus
1233 2557 1374 2593 secreti
1392 2556 1544 2591 consilii
1562 2554 1805 2591 consiliarius
1825 2558 1864 2588 et
1883 2552 1924 2587 d.

296 2613 450 2659 Viglius
469 2626 601 2660 preses
621 2616 875 2662 impetrarunt
894 2617 986 2652 mihi
1002 2617 1133 2652 literas
1148 2623 1327 2664 patentes
1346 2616 1500 2651 nornine
1520 2615 1624 2659 regis
1644 2614 1807 2660 scriptas
1827 2612 1932 2658 sigil-

295 2674 332 2709 lo
351 2673 455 2719 regis
473 2686 659 2720 appenso,
685 2687 759 2721 que
784 2676 977 2721 omnibus,
1003 2677 1068 2723 qui
1094 2677 1132 2711 in
1157 2677 1285 2723 aliquo
1311 2675 1438 2711 officio
1465 2681 1570 2719 sunt,
1591 2675 1742 2717 iubent,
1767 2678 1809 2708 ut
1835 2670 1929 2706 mihi

295 2732 480 2768 assistant
498 2739 629 2768 contra
649 2735 824 2770 homines
842 2735 943 2778 illos,
964 2736 1029 2782 qui
1054 2736 1147 2771 mihi
1168 2735 1383 2771 molestiam
1411 2735 1577 2781 aliquam
1604 2733 1854 2769 exhiberent.
1871 2758 1878 2766 .
1895 2742 1935 2766 .»

298 2793 493 2837 HANSEN‚
514 2794 573 2828 loc
607 2794 690 2837 cit„
710 2794 792 2838 498.

369 2853 382 2872 ²
433 2851 542 2896 Ilsta,
561 2852 787 2898 oppidulum
807 2853 994 2888 Bataviae
1014 2853 1052 2888 in
1072 2853 1212 2888 Frisia.

372 2911 385 2929 ³
435 2911 479 2945 In
509 2912 684 2956 catalogo
716 2912 938 2957 provinciae
956 2911 1098 2957 Rheni,
1128 2912 1394 2947 Harlamensis
1427 2911 1739 2957 cognominatur,
1760 2914 1799 2943 et
1818 2907 1866 2942 de
1885 2918 1932 2942 eo

298 2970 395 3004 haee
414 2974 563 3004 tantum
582 2970 787 3006 adduntur:
810 2984 846 3006 «.
862 2971 968 3018 ..qui
986 2983 1074 3006 curn
1093 2972 1140 3006 P.
1166 2971 1322 3006 Andrea
1341 2971 1524 3007 Boccatio
1544 2976 1603 3005 est
1622 2968 1799 3014 Louanii,
1814 2978 1929 3014 quem

299 3040 390 3063 cum
409 3028 494 3064 aliis
513 3036 677 3076 expecto
696 3036 737 3066 vt
756 3030 961 3066 veniant.»

2079 0 2099 59 «2521
