2141 3358
352 634 856 716 PROOEMIUM
917 660 1196 715 TERTH
1251 658 1718 717 voLUMlle

297 907 363 947 En
388 904 485 956 tibi,
512 905 655 948 lector
677 906 916 961 benevole,
938 906 1122 949 tertium
1147 913 1193 949 et
1220 905 1427 947 ultimum
1447 905 1740 961 epistolarum
1761 906 1848 949 Na-

203 989 306 1031 talis
343 989 556 1031 volumen
602 989 891 1042 exhibemus3
932 989 1143 1032 ultimum
1182 988 1366 1045 quidem
1404 987 1723 1045 epistolarum,
1764 1003 1855 1031 non

198 1058 355 1115 autem
383 1078 667 1116 caeterorum
712 1073 886 1116 Natalis
926 1073 1223 1129 scriptorum;
1256 1078 1474 1128 sequetur
1512 1071 1634 1115 enim
1666 1079 1856 1128 quartus

202 1160 370 1205 tomus,
395 1151 442 1194 in
465 1166 555 1207 quo
578 1152 822 1208 praecipua
846 1152 965 1195 illius
995 1152 1172 1209 egregii
1201 1152 1287 1195 viri
1311 1157 1622 1204 monumenta,
1657 1165 1774 1208 quae
1799 1152 1856 1194 ad

201 1236 432 1279 historiam
453 1236 694 1280 Societatis
712 1251 876 1280 novam
894 1237 1044 1280 lucem
1062 1237 1229 1280 addere
1252 1236 1484 1292 poterunt,
1506 1235 1641 1278 simul
1659 1236 1854 1278 collecta

200 1322 500 1376 proferemus.
526 1321 575 1363 In
599 1321 686 1363 hac
711 1328 863 1364 autem
886 1320 1170 1376 praefatione
1193 1321 1249 1363 ab
1273 1320 1433 1364 ordine
1455 1319 1502 1362 in
1522 1318 1751 1376 prioribus
1770 1333 1854 1361 vo>-

200 1404 446 1447 luminibus
475 1412 656 1447 servato
685 1404 871 1447 minime
899 1404 1207 1448 recedendum
1237 1404 1567 1456 existimamus;
1603 1410 1653 1446 ut
1689 1416 1854 1458 nempe

196 1487 342 1543 primo
366 1488 467 1531 loco
496 1487 552 1531 de
590 1501 798 1542 numero,
831 1495 927 1530 tum
956 1488 1013 1530 de
1047 1494 1225 1540 natura,
1253 1487 1451 1543 denique
1475 1488 1532 1531 de
1565 1485 1852 1543 argumentis

194 1572 488 1629 epistolarum
512 1587 657 1630 pauca
678 1573 1047 1630 praemittamus.

292 1836 330 1868 Ι.
394 1824 707 1879 Epistolarum
732 1826 1021 1881 aliormnque
1041 1828 1441 1867 monumentorum
1462 1823 1842 1866 numerus.—Ac

193 1907 341 1963 primo
366 1908 566 1965 quidem,
598 1924 715 1964 quae
743 1911 799 1953 de
829 1910 959 1967 copia
992 1917 1392 1954 monumentorum
1415 1908 1462 1951 in
1490 1910 1579 1951 hoc
1603 1906 1837 1951 volumine

190 1991 472 2035 edendorum
495 1992 541 2034 in
571 1993 810 2049 prodromo
833 1993 1024 2038 secundi
1047 1992 1297 2036 voluminis
1320 1992 1601 2043 dicebamus,
1631 1990 1841 2034 «uberio—

189 2090 299 2128 rem,
332 2075 521 2128 scilicet,
554 2083 759 2132 segetem
789 2077 847 2120 ad
878 2076 1056 2120 tertiam
1094 2076 1301 2132 ejusdem
1343 2074 1549 2131 [Natalis]
1576 2073 1621 2116 in
1644 2074 1840 2117 Germa-

142 2151 155 2160 *
188 2159 309 2202 niam
331 2158 592 2204 missionem
616 2161 703 2202 sub
734 2161 784 2204 S.
810 2161 844 2203 F
850 2160 1055 2203 rancisco
1078 2160 1134 2203 de
1169 2159 1305 2214 Borja
1327 2158 1600 2215 pertinere»,
1626 2157 1722 2212 jam
1744 2156 1839 2199 suis

183 2241 376 2299 ipsemet
397 2244 542 2286 lector
564 2244 706 2286 oculis
730 2244 988 2300 perspicere
1011 2242 1195 2299 poterit.
1229 2243 1287 2285 Et
1310 2257 1358 2286 re
1381 2240 1566 2297 quidem
1590 2254 1715 2293 vera,
1737 2239 1835 2295 epi-

187 2327 325 2370 stolas
343 2341 435 2370 non
457 2326 607 2370 minus
631 2338 732 2382 275,
765 2329 988 2372 hactenus
1011 2327 1057 2369 in
1087 2325 1280 2370 diversis
1305 2324 1538 2368 tabulariis
1561 2324 1835 2367 delitescena

189 2415 272 2462 tes,
298 2410 399 2454 heic
421 2411 707 2464 exhibemus,
728 2426 753 2454 a
770 2426 926 2456 mense
942 2410 1115 2454 scilicet
1131 2409 1381 2453 Februario
1399 2408 1506 2451 anni
1536 2407 1648 2461 1566
1665 2406 1722 2449 ad
1741 2408 1834 2449 De-

185 2494 412 2536 cembrem
442 2504 552 2548 1577
575 2494 727 2547 datas3
764 2508 956 2549 quarum
984 2494 1065 2551 169
1095 2501 1201 2536 sunt
1236 2493 1289 2537 P.
1315 2491 1489 2536 Natalis
1513 2490 1829 2545 autographae

182 2576 254 2618 vel
281 2578 571 2633 archetypae,
604 2592 775 2633 eaeque
806 2578 973 2634 longae
1008 2585 1057 2619 ut
1080 2575 1327 2633 plurimum
1353 2589 1404 2618 ac
1434 2572 1724 2617 documentis
1758 2571 1831 2613 hi-

177 2660 354 2704 storicis
376 2663 649 2717 locupletes,
676 2662 733 2706 Iis
758 2664 1037 2718 respondent
1068 2662 1165 2714 106,
1187 2669 1232 2705 et
1251 2660 1462 2716 amplius,
1484 2657 1637 2703 Natali
1661 2672 1687 2699 a
1712 2659 1827 2699 Bor-

174 2742 250 2798 gia
281 2745 352 2788 vel
390 2746 447 2814 ab
486 2745 584 2789 aliis
616 2747 764 2800 datae;
802 2747 985 2802 quibus,
1018 2746 1114 2790 sive
1152 2745 1198 2788 in
1232 2743 1622 2794 annotationibus,
1665 2756 1748 2784 seu
1780 2741 1824 2782 in

178 2827 520 2882 appendicibus,
547 2830 775 2874 accedunt
805 2831 885 2883 167
910 2836 1205 2874 monumenta
1222 2827 1453 2879 historica,
1476 2825 1612 2870 etiam
1632 2823 1819 2874 inedita,

174 2908 232 2950 ad
249 2908 447 2965 ipsarum
465 2911 756 2967 epistolarum
776 2920 1047 2969 argumenta
1066 2911 1350 2955 illustranda.
1372 2912 1421 2953 In
1444 2911 1530 2952 hoc
1556 2908 1712 2951 ultimo
1738 2920 1822 2948 nu·

179 3004 303 3036 mero
326 2993 620 3038 continentur
648 2997 697 3039 18
721 2996 916 3048 litterae,
943 3011 968 3039 a
997 2996 1128 3039 nobis
1152 3002 1253 3052 post
1275 2993 1407 3051 primi
1431 2992 1503 3036 vel
1526 2989 1720 3035 secundi
1743 3003 1826 3031 vo·
