2141 3358
687 245 942 280 PROOEMfflM
970 253 1109 279 TERTII
1135 252 1365 282 vomMmis
1749 255 1804 282 vn

206 348 280 402 tis,
306 355 401 391 tum
423 346 562 403 legati
584 344 930 396 Commendoni,
954 352 1048 387 turn
1078 346 1176 401 ejus
1200 331 1418 390 auditoris
1430 347 1620 405 Joannis
1638 349 1853 393 Andreae

207 430 405 488 Caligari
443 437 486 474 et
524 428 738 480 aliorum,
779 427 1078 472 illustrantur.
1120 430 1195 472 Ad
1232 444 1379 486 genus
1417 430 1636 474 familiare
1673 431 1847 475 adscri—

208 515 357 559 benda
373 513 600 564 videntur,
626 526 717 554 non
740 511 885 554 solum
904 510 1145 567 epistolare
1163 514 1483 556 commercium
1507 514 1655 558 Patris
1677 514 1851 558 Natalis

208 612 310 641 cum
340 597 569 639 Everardo
598 594 885 638 Mercuriano
914 594 1045 637 annis
1078 605 1333 650 1574-1577
1362 598 1584 651 habitum,
1610 598 1691 642 sed
1714 597 1850 642 etiam

206 680 450 723 nonnullae
485 678 740 735 Borgianae
771 677 971 730 litterae,
1006 692 1086 721 seu
1117 686 1268 734 partes
1305 680 1580 733 litterarum,
1620 682 1677 725 de
1716 682 1852 725 rebus

203 762 463 805 domesticis
487 760 745 814 Societatis,
766 760 919 804 Natali
937 762 1086 814 datae,
1107 769 1152 805 et
1170 776 1344 818 paucae
1362 762 1475 806 aliae
1500 765 1685 806 Patrum
1710 764 1850 807 Riba-

203 846 429 898 deneirae,
463 845 690 903 JimeneZ,
728 852 773 889 et
811 845 941 900 siqua
977 845 1063 888 alia
1092 845 1252 888 similis
1290 846 1561 902 reperiatur.
1603 847 1744 891 Aliud
1781 856 1850 891 est

208 929 498 985 epistolarum
529 943 698 985 genus,
725 928 1022 972 cardinalium
1049 929 1246 982 scilicet,
1274 931 1347 973 vel
1376 929 1567 973 aliorum
1593 931 1848 987 principum

192 1012 559 1069 postulationes,
601 1026 724 1055 nunc
753 1012 1013 1068 praeposito
1041 1013 1267 1069 generali,
1300 1028 1425 1056 nunc
1456 1014 1556 1069 ejus
1584 1014 1845 1066 secretario,

204 1110 326 1138 nunc
348 1095 516 1140 vicario
539 1095 746 1152 generali
768 1095 1012 1150 exhibitae,
1034 1096 1201 1152 quibus
1217 1097 1454 1140 hominum
1473 1096 1716 1142 Societatis
1739 1112 1847 1154 ope-

205 1194 268 1231 ra,
294 1178 389 1223 sive
411 1194 492 1235 pro
516 1194 737 1222 novorum
767 1179 1063 1236 collegiorum
1086 1180 1343 1242 erectione,
1369 1195 1451 1235 seu
1472 1195 1553 1236 pro
1576 1180 1666 1224 fide
1689 1182 1847 1223 catho-

201 1262 286 1306 lica
323 1263 462 1306 sacris
498 1263 757 1307 ministeriis
795 1264 1103 1317 defendenda,
1144 1264 1412 1320 exquiritur.
1454 1266 1502 1307 In
1542 1263 1596 1308 iis
1631 1263 1846 1321 egregiae

199 1361 384 1402 prorsus
412 1347 668 1390 censendae
696 1354 802 1389 sunt
831 1347 1072 1390 cardinalis
1102 1347 1368 1391 varmiensis
1399 1346 1615 1392 Stanislai
1645 1346 1775 1390 Hosii
1799 1355 1843 1390 et

198 1429 443 1485 augustani
471 1429 692 1485 praesulis
718 1430 905 1474 Ottonis
945 1431 1200 1474 Truchsess
1238 1432 1294 1474 de
1325 1431 1585 1486 Waldburg
1607 1430 1840 1487 epistolae,

196 1514 242 1556 in
261 1514 589 1570 appendicibus
611 1522 657 1559 et
679 1515 997 1570 supplemento
1026 1514 1312 1571 potissimum
1336 1515 1576 1571 repositae.
1612 1514 1698 1559 His
1727 1515 1843 1558 adde

196 1598 438 1640 nonnullas
474 1597 646 1641 litteras
680 1604 904 1653 patentes,
942 1598 1079 1640 rebus
1111 1597 1287 1641 Natalis
1320 1598 1602 1655 illustrandis
1635 1597 1838 1654 apprime

205 1681 353 1725 utiles.
383 1682 439 1724 Et
463 1683 688 1725 hactenus
710 1680 891 1736 quidem
917 1682 973 1724 de
995 1681 1291 1737 epistolarum
1316 1682 1582 1738 generibus.

296 1863 335 1903 3.
402 1850 493 1891 Res
510 1851 560 1892 in
578 1850 774 1904 epistolis
792 1864 869 1892 seza
889 1850 1196 1891 monumentis
1208 1846 1838 1904 pertractatae—Reliquum

201 1940 270 1977 est
294 1940 344 1976 ut
366 1933 423 1976 de
446 1934 583 1976 rebus
606 1939 651 1976 et
673 1932 873 1989 negotiis
896 1933 941 1975 in
960 1932 1084 1976 hisce
1102 1930 1410 1976 monumentis
1428 1930 1719 1987 pertractatis
1736 1931 1841 1974 bre=

198 2016 312 2060 viter
334 2016 626 2061 disseramus.
654 2017 772 2059 Cum
795 2023 949 2060 autem
971 2016 1168 2059 maxima
1189 2015 1444 2058 litterarum
1476 2015 1615 2070 hujus
1643 2014 1839 2058 Volumi-

195 2100 266 2142 nis
287 2114 392 2156 pars
414 2099 459 2142 in
483 2101 620 2143 rebus
642 2114 668 2142 a
691 2099 842 2143 Natali
864 2099 995 2142 annis
1024 2100 1279 2154 1566-1568
1303 2098 1348 2140 in
1378 2097 1645 2151 Germania,
1678 2098 1839 2154 Belgio

196 2191 241 2227 et
262 2183 412 2227 Gallia
442 2184 629 2240 patratis
659 2190 883 2237 versetur,
921 2183 1018 2240 ipsa
1057 2198 1208 2226 rerum
1249 2189 1485 2240 gestarum
1524 2181 1757 2226 successio
1793 2189 1838 2225 et

194 2268 305 2310 ordo
333 2282 416 2310 nos
444 2267 629 2320 invitat,
658 2275 706 2311 ut
735 2267 881 2324 primo
909 2268 1010 2310 loco
1042 2268 1089 2309 in
1119 2281 1304 2311 scenam
1335 2268 1619 2323 proferamus
1650 2265 1837 2322 negotia

197 2350 431 2406 religionis
453 2351 498 2393 in
522 2350 788 2403 Germania,
814 2351 871 2393 ad
901 2365 1017 2406 quae
1046 2349 1292 2394 Societatis
1321 2364 1458 2406 opera
1486 2350 1543 2392 ab
1573 2347 1764 2405 egregio
1793 2356 1838 2391 et

197 2440 356 2477 sancto
394 2434 608 2490 pontifice
640 2433 722 2477 Pio
751 2435 791 2477 V
822 2433 1024 2476 adhibita
1055 2433 1166 2486 fuit3
1204 2440 1317 2487 tum,
1353 2431 1595 2478 Societatis
1628 2445 1836 2488 progres-

195 2531 273 2559 sus
296 2516 342 2559 in
365 2516 524 2560 iisdem
547 2524 592 2561 et
615 2517 660 2560 in
683 2517 781 2560 aliis
804 2516 1086 2573 regionibus3
1114 2517 1296 2560 tandem
1316 2531 1387 2561 res
1410 2517 1467 2559 ad
1484 2529 1724 2572 personam
1742 2516 1835 2558 Na—

193 2600 294 2643 talis
320 2601 507 2657 propius
540 2601 835 2657 pertinentes.
877 2603 946 2645 De
984 2603 1070 2644 hoc
1101 2601 1241 2657 igitur
1271 2600 1437 2657 triplici
1469 2606 1743 2656 argumento
1780 2613 1835 2642 ex

191 2684 349 2727 ordine
371 2699 396 2728 a
418 2685 549 2727 nobis
572 2685 817 2729 dicendum
835 2684 1035 2728 videtur.

281 2856 388 2892 Lum
452 2852 650 2906 Negotia
684 2852 1179 2908 religionis—«Cum,
1221 2851 1377 2907 igitur,
1420 2849 1611 2905 septima
1649 2847 1722 2890 die
1754 2848 1830 2903 Ja—

193 2932 340 2975 nuarii
363 2932 474 2976 Pius
497 2949 613 2990 papa
635 2935 693 2987 V,
726 2949 933 2978 summus
961 2934 1182 2991 pontifex,
1209 2934 1368 2977 diuino
1394 2932 1545 2990 potius
1579 2945 1713 2986 quam
1746 2930 1833 2971 hu—

198 3030 333 3059 mano
356 3016 548 3059 consilio
571 3018 744 3060 electus
769 3018 954 3062 fuisset»
981 3017 1092 3060 nihil
1115 3017 1266 3074 potius
1289 3016 1469 3068 habuit,
1496 3028 1631 3070 quam
1651 3013 1698 3055 in
1716 3012 1837 3055 Ger—
