2101 3348
330 223 394 261 142
838 215 974 250 EPIST.
1003 212 1046 247 P.
1076 210 1345 257 NADAL—398

277 325 418 375 parte,
434 319 490 361 ne
508 333 533 361 a
550 318 676 369 altra,
696 331 745 360 se
763 330 853 358 non
870 330 895 358 a
914 314 1062 369 quello
1079 315 1163 356 che
1180 315 1339 369 parera
1355 328 1434 369 per
1452 312 1497 356 di
1514 328 1602 369 qua
1619 315 1753 358 esser'
1773 329 1903 371 mag-

276 396 376 451 gior
398 394 588 439 seruicio
612 395 667 437 de
690 393 776 436 Dio
799 399 842 436 et
870 390 1109 444 necessita,
1135 396 1180 432 et
1202 405 1281 446 per
1303 390 1524 447 maggior'
1551 398 1763 435 aumento
1785 393 1902 436 della

277 472 570 528 Compagnia:
597 471 765 513 hauero
788 473 938 511 tamen
960 483 1039 525 per
1062 468 1228 524 meglio
1257 469 1406 523 quello
1430 470 1512 512 che
1535 472 1692 524 parera
1714 485 1740 512 a
1762 471 1817 513 V.
1842 471 1894 513 P.

362 562 403 602 4.
470 551 538 591 De
560 548 708 603 quello
725 547 768 589 di
788 546 934 602 Spira,
955 545 1030 602 gia
1047 547 1107 588 ho
1131 545 1287 588 scritto
1305 561 1330 588 a
1347 547 1404 589 V.
1428 548 1479 589 P.
1502 548 1584 589 che
1603 546 1663 588 mi
1680 561 1786 603 pare
1804 562 1897 590 non

273 627 309 670 si
332 628 447 670 dene
470 628 675 679 acettar',
711 639 847 668 senza
875 623 1111 668 accettarsi
1140 623 1282 679 prima
1314 624 1462 679 quello
1494 625 1538 666 d’
1569 624 1821 680 Herbipoli,
1853 624 1898 666 di

272 706 388 747 doue
410 704 440 745 il
462 703 728 748 cancellario
753 704 793 745 fa
813 709 937 745 tanta
954 701 1157 744 instanza
1175 703 1258 744 che
1276 702 1300 744 e
1318 701 1606 745 confussione
1629 708 1798 754 nostra,
1819 716 1899 758 per

271 784 312 825 13
329 782 482 838 ρ3το13
499 783 583 825 che
600 781 628 822 il
649 783 699 823 P.
722 779 920 832 Canisio,
940 780 985 821 in
1004 793 1136 822 nome
1155 779 1211 822 de
1234 780 1290 822 V.
1315 781 1387 832 P.,
1408 781 1466 822 ha
1488 780 1593 821 dato
1611 779 1652 822 al
1669 793 1866 822 vescouo
1889 780 1898 800 ¹

271 860 315 902 di
353 860 501 916 quella
538 858 690 902 chiesa
717 864 762 901 et
790 857 913 909 citta;
949 863 994 901 et
1022 872 1047 899 a
1076 857 1239 912 grand'
1269 855 1484 899 instantia
1513 856 1785 900 dimandano
1817 858 1901 900 che

271 937 388 980 uada
411 951 503 979 uno
526 937 581 979 de
603 935 743 978 nostri
765 950 844 991 per
867 935 1021 978 ueder'
1046 933 1075 975 li
1098 933 1277 976 edificii.
1303 933 1362 976 Di
1391 935 1525 977 modo
1555 936 1626 977 ch’
1659 934 1702 976 io
1729 949 1821 977 non
1843 948 1894 977 so

271 1029 398 1058 come
421 1014 569 1069 quello
591 1013 636 1055 di
659 1013 790 1068 Spira
813 1012 849 1054 si
871 1011 991 1068 possi
1015 1013 1246 1063 accettar',
1273 1011 1329 1054 ne
1356 1012 1475 1055 uedo
1493 1013 1627 1054 etiam
1647 1013 1731 1054 che
1749 1011 1899 1066 quello

271 1093 327 1136 de
350 1091 583 1147 Herbipoli
607 1090 830 1147 possiamo
859 1089 1071 1145 compire,
1098 1103 1146 1132 se
1169 1088 1244 1145 gia
1265 1104 1353 1132 non
1386 1090 1625 1132 mandamo
1653 1090 1695 1131 13
1723 1090 1764 1132 31
1793 1090 1894 1133 Set—

270 1171 441 1214 tembre
462 1168 493 1210 il
518 1171 566 1212 P.
594 1168 833 1225 Gregorio.
861 1156 897 1210 E
921 1174 1091 1210 uenuta
1112 1167 1154 1210 la
1177 1165 1352 1210 minuta
1374 1167 1448 1209 del
1471 1166 1728 1222 Quirinoto:
1754 1166 1896 1223 hoggi

270 1262 341 1291 me
370 1247 397 1289 l'
428 1248 487 1289 ha
515 1246 619 1289 data
646 1246 676 1288 il
704 1245 951 1288 cardinale:
983 1245 1026 1287 la
1054 1245 1312 1298 uederemo,
1339 1251 1426 1288 etc.
1454 1246 1645 1300 Questo,
1678 1250 1846 1300 quanto
1869 1258 1896 1286 a

271 1324 419 1380 quella
441 1325 496 1368 de
521 1336 590 1377 27.

359 1412 399 1456 5.
466 1403 648 1457 Quanto
672 1401 743 1443 all’
770 1401 898 1452 altra,
924 1400 1083 1456 poiche
1107 1401 1162 1444 V.
1192 1401 1245 1443 P.
1272 1399 1420 1444 scriue
1439 1400 1596 1444 hauer'
1622 1398 1809 1456 pigliato
1831 1397 1895 1441 ri-

269 1479 494 1523 solutione
518 1478 562 1520 di
585 1479 788 1521 mandar’
819 1493 844 1520 3
868 1480 1002 1521 Mtro.
1029 1479 1204 1535 Jacobo
1233 1493 1258 1520 3
1282 1477 1436 1534 Parigi
1464 1478 1497 1531 ²,
1522 1477 1565 1520 io
1588 1493 1678 1521 non
1701 1479 1760 1520 ho
1782 1477 1896 1520 altro

268 1557 485 1613 giudicio,
512 1571 559 1601 se
582 1571 672 1599 non
695 1558 777 1599 che
796 1557 945 1611 quello
968 1556 992 1598 ε
1015 1555 1231 1612 miglior’,
1257 1562 1302 1598 et
1332 1559 1482 1598 tamen
1511 1570 1601 1598 non
1630 1554 1821 1598 lasciero
1854 1553 1899 1597 di

269 1641 550 1691 rapresentar
568 1649 592 1676 3
617 1635 673 1677 V.
701 1636 753 1676 P.
781 1634 929 1688 quello
948 1635 1031 1677 che
1048 1635 1107 1675 m’
1128 1647 1327 1677 occorre.
1351 1633 1520 1686 Primo,
1542 1635 1626 1676 che
1644 1633 1725 1675 far'
1745 1639 1897 1675 muta-

270 1711 378 1755 tioni
401 1712 446 1755 in
470 1726 624 1754 mezzo
646 1712 717 1754 del
740 1725 889 1764 curso,
910 1712 934 1753 e
957 1711 1145 1767 pigliato
1169 1726 1247 1767 per
1268 1711 1407 1754 molto
1429 1711 1560 1764 male,
1587 1718 1632 1755 et
1654 1710 1726 1753 dal
1749 1709 1896 1753 cardi-

268 1791 383 1843 nale,
411 1797 454 1834 et
477 1790 534 1832 (13
557 1789 676 1832 tutti.
705 1789 771 1832 2.⁰
796 1790 829 1831 Il
861 1788 1056 1845 pericolo
1085 1791 1169 1833 che
1198 1789 1333 1845 quelli
1355 1788 1488 1846 pochi
1517 1788 1708 1832 scholari
1731 1789 1815 1831 che
1837 1772 1895 1831 113

270 1869 402 1911 Mtro.
424 1868 609 1925 Jacobo,
636 1882 727 1909 non
749 1881 797 1909 se
819 1880 876 1909 ne
899 1866 1064 1909 uadino
1088 1882 1175 1910 con
1199 1867 1240 1910 13
1262 1867 1527 1910 mutatione.
1556 1865 1623 1921 3.⁰
1646 1866 1744 1909 Che
1767 1881 1842 1910 era
1864 1864 1894 1907 il

267 1945 456 2001 disegno
480 1946 563 1989 che
585 1944 648 1986 lui
670 1944 799 1987 finise
821 1943 852 1986 il
874 1959 1019 1997 corso,
1046 1953 1089 1988 et
1111 1946 1140 1987 l'
1171 1960 1289 1988 anno
1312 1947 1395 1988 che
1417 1944 1548 1989 viene
1571 1959 1660 1988 non
1685 1943 1721 1986 si
1746 1944 1894 1988 facese

268 2023 381 2065 altro
406 2036 549 2074 corso,
576 2022 786 2065 accioche
807 2023 836 2064 l'
863 2023 975 2065 altro
1005 2037 1123 2066 anno
1151 2022 1458 2066 incominciasi
1487 2021 1550 2069 lui
1581 2037 1666 2065 con
1688 2036 1750 2064 un
1781 2035 1894 2078 gran

268 2114 458 2144 numero
482 2100 537 2142 de
560 2099 766 2152 scholari,
793 2100 835 2142 d’
861 2099 891 2142 il
914 2102 997 2144 che
1019 2100 1081 2142 lui
1110 2108 1239 2143 staua
1266 2101 1405 2144 molto
1430 2090 1662 2143 contento.
1694 2101 1774 2153 4.⁰
1804 2098 1892 2142 Gia

267 2179 352 2221 che
375 2178 431 2220 V.
461 2179 511 2220 Ρ.
540 2177 691 2233 uoglia
714 2178 900 2221 mandar
923 2185 1082 2233 questo
1099 2179 1269 2235 Jacobo
1292 2194 1317 2221 a
1341 2177 1544 2235 Pariggi,
1570 2193 1648 2234 per
1671 2179 1810 2220 amor’
1836 2176 1894 2221 de

268 2254 370 2306 Dio,
397 2253 436 2296 ci
459 2254 610 2296 mandi
632 2269 736 2297 cosa
758 2256 908 2297 buona
929 2270 1008 2311 ρετ
1030 2255 1230 2311 Dilinga,
1256 2256 1421 2312 perche
1444 2256 1486 2299 io
1518 2255 1578 2297 mi
1602 2254 1776 2299 ricordo
1799 2253 1844 2296 di
1872 2260 1892 2282 a

267 2332 449 2377 Simone
470 2331 712 2384 leodiense,
739 2341 783 2375 et
805 2333 860 2375 de
884 2334 1081 2377 Roberto
1105 2334 1136 2375 ⁵:
1158 2333 1188 2375 il
1206 2332 1348 2389 primo
1366 2349 1457 2376 non
1475 2333 1610 2377 credo
1628 2334 1712 2377 che
1729 2332 1795 2375 sia
1810 2346 1890 2388 per

267 2409 414 2465 questi
436 2408 574 2466 paesi,
601 2416 645 2453 et
667 2411 754 2453 ben
776 2411 818 2452 lo
841 2409 1055 2453 dimostra
1078 2412 1134 2453 V.
1163 2412 1215 2454 P.
1242 2411 1490 2454 dubitando
1507 2413 1591 2455 che
1608 2425 1736 2467 possa
1756 2409 1887 2454 finire

336 2530 357 2550 a
406 2522 529 2569 Supra
547 2534 653 2558 vers.
677 2522 851 2558 additum
869 2534 890 2557 3
908 2522 994 2558 libr.
1021 2534 1089 2569 pro
1108 2524 1172 2558 che
1192 2523 1414 2559 obliterato.

339 2627 348 2647 ¹
399 2624 616 2660 Fridericus
642 2624 927 2671 lViespergius.
958 2624 1057 2659 Vide
1083 2624 1201 2671 epist.
1234 2624 1317 2671 373,
1343 2637 1383 2660 n.
1424 2634 1456 2670 13
1489 2623 1572 2671 390,
1606 2638 1645 2661 n.
1686 2635 1720 2671 2;
1755 2630 1795 2662 et
1825 2637 1890 2673 ap·

265 2683 383 2731 pend.
409 2684 476 2730 VI,
499 2684 587 2729 VII,
607 2683 721 2718 XVII
741 2690 780 2719 et
798 2684 888 2718 XX.

334 2747 347 2766 2
399 2743 498 2779 Vide
517 2743 630 2790 epist.
651 2743 734 2787 388,
753 2755 795 2778 n.
823 2752 854 2778 Ι.
875 2743 1053 2778 Canisius
1072 2743 1251 2789 Borgiae,
1269 2743 1291 2777 6
1311 2743 1404 2789 Julii
1425 2743 1529 2790 1566,
1558 2745 1653 2779 haec
1671 2744 1719 2779 de
1745 2745 1892 2790 Jacobo

263 2803 430 2850 scripsit:
452 2802 628 2838 «Adesso
646 2802 754 2838 detto
773 2803 815 2837 P.
837 2802 950 2838 Natal
970 2808 1028 2838 sta
1046 2802 1279 2849 negotiando
1297 2815 1365 2850 per
1383 2803 1541 2839 mandar
1567 2808 1697 2850 presto
1723 2816 1744 2839 a
1769 2804 1894 2840 Parisi

265 2864 321 2899 M.
345 2863 531 2899 Giacomo
552 2862 803 2898 Valentiano.
820 2889 828 2898 .
845 2876 881 2897 .»

332 2923 347 2944 ⁵
396 2923 542 2967 Simon,
562 2922 786 2970 leodiensis,
805 2935 826 2958 3
850 2922 1069 2959 SACCHINO
1087 2924 1180 2969 (loe.
1209 2924 1300 2970 eit.,
1320 2924 1391 2960 lib.
1416 2924 1466 2971 V,
1491 2936 1533 2959 n.
1558 2924 1619 2968 98)
1639 2925 1820 2967 Emrius,
1841 2925 1890 2960 ab

263 2983 480 3019 AGRICOLA
498 2973 627 3018 autem
645 2983 762 3028 (Dec.
786 2983 856 3027 ΙΙΙ,
875 2995 917 3018 11.
945 2985 1026 3028 171)
1051 2983 1260 3019 Demesius
1278 2990 1537 3031 nuncupatur.
1560 2985 1755 3020 Robertus
1775 2984 1889 3021 Giru-

262 3042 351 3090 lius,
371 3043 433 3079 vel
452 3043 651 3090 Byrulius.
675 3042 774 3078 Vide
793 3042 876 3089 ejus
896 3054 1071 3090 examen,
1095 3044 1222 3090 Epist.
1251 3044 1405 3090 Natal„
1425 3045 1476 3091 ΙΙ,
1496 3045 1576 3089 581.
