2101 3348
834 232 880 258 20
906 223 1074 259 Ar-Rms
1105 226 1193 270 1567
1711 225 1781 273 439

952 349 1069 389 11²ss

520 423 578 463 Ρ.
631 422 1171 467 HIERONYMUS
1219 424 1497 468 NADAL

608 498 818 535 SANCTO
836 499 1135 537 FRANCISCO
1154 501 1224 535 DE
1243 500 1412 547 BORJA

556 572 786 601 AUGUSTAE
804 572 1088 607 TREVJRORUM,
1109 575 1154 600 20
1172 575 1332 602 APR1Lis
1355 566 1444 611 1567
1468 569 1495 602 ¹.

192 635 230 661 Ι.
262 627 320 661 De
334 621 525 674 formula
541 629 806 675 fundationis
829 629 1090 676 collegiorum
1115 631 1344 677 Herbipolis
1366 634 1403 667 et
1422 631 1581 678 Spirae:
1607 631 1828 678 difficultas

232 688 492 733 proponitur,
511 689 557 723 cle
576 688 732 722 ratione
750 699 788 723 se
806 688 1015 735 obligandi
1031 700 1078 723 ex
1098 691 1217 734 parte
1244 690 1466 726 Societatis:
1484 690 1630 725 solutio
1655 689 1828 736 difficul-

237 747 444 781 tatis.-—2.
474 747 594 782 Ratio
618 748 802 793 specialis
825 748 1047 793 attingitur
1065 750 1142 793 pro
1166 749 1347 796 collegiis
1374 749 1678 785 Germaniae.-
1698 759 1734 794 3.
1764 749 1827 785 De

236 806 403 852 collegio
433 807 709 853 spirensi.—4.
738 806 798 841 De
821 807 1085 852 herbipolensi
1094 827 1143 841 .-
1157 817 1193 850 5.
1219 808 1280 843 De
1305 811 1488 854 utroque:
1508 809 1743 855 postulatur
1767 809 1826 844 ul-

235 866 335 899 tima
353 866 543 901 resolutio
556 866 781 912 praepositi
793 866 1014 913 generalis.

284 958 317 988 Ι.
374 947 506 1003 Jhus.
540 946 681 990 Molto
709 946 822 988 Rdo.
858 948 909 988 Ρ.
936 946 992 988 N.
1020 944 1065 986 in
1089 945 1289 988 Christo.
1318 947 1413 988 Pax
1443 944 1634 996 Christi,
1661 952 1746 988 etc.
1774 946 1825 987 In

188 1029 347 1077 questa
369 1022 466 1065 diro
489 1024 584 1065 solo
606 1024 722 1067 della
746 1022 1010 1065 fundatione
1033 1023 1106 1065 del
1134 1022 1328 1078 collegio
1357 1023 1414 1065 de
1445 1022 1681 1078 Herbipoli
1712 1029 1757 1064 et
1779 1021 1824 1064 di

187 1100 331 1155 Spira.
356 1101 411 1142 Et
433 1101 664 1156 pensando
687 1101 770 1142 che
793 1099 838 1141 in
862 1107 1023 1153 questo
1046 1114 1138 1141 non
1165 1098 1307 1141 faccio
1330 1106 1487 1142 contra
1504 1100 1691 1142 volonta
1709 1099 1826 1143 della

190 1178 242 1219 P.
270 1178 346 1228 V.,
367 1175 468 1218 dico
489 1177 638 1230 quello
661 1177 745 1218 che
767 1178 826 1217 m'
853 1190 1053 1227 occorre,
1076 1176 1430 1235 rapresentando
1451 1176 1717 1229 solamente,
1738 1190 1825 1219 con

189 1253 298 1309 ogni
321 1253 625 1297 indifferentia
648 1267 734 1295 con
757 1253 798 1295 la
821 1252 967 1309 gratia
989 1253 1062 1296 del
1085 1252 1297 1308 Signore.
1321 1254 1377 1295 Et
1400 1267 1507 1309 pare
1537 1252 1598 1294 mi
1629 1267 1762 1295 moue
1794 1252 1825 1294 il

186 1329 408 1372 desiderio
430 1331 517 1372 che
540 1331 600 1371 ho
621 1331 664 1372 d'
691 1329 837 1372 aiutar
858 1329 1119 1381 Germania,
1147 1336 1273 1373 tanto
1297 1329 1461 1373 misera
1483 1337 1528 1372 et
1557 1330 1758 1372 desolata
1780 1327 1825 1372 d’

188 1406 296 1462 ogni
318 1406 441 1449 aiuto
464 1408 679 1450 humano.
706 1407 771 1450 La
790 1407 980 1450 formula
997 1408 1084 1449 che
1102 1406 1136 1449 ε’
1155 1409 1179 1450 e
1196 1407 1316 1460 data,
1337 1408 1362 1450 e
1380 1414 1540 1462 questa
1561 1406 1607 1449 in
1626 1421 1820 1449 summa:

185 1485 274 1527 che
296 1483 326 1526 li
350 1483 577 1527 fundatori
599 1484 733 1526 diano
755 1499 835 1540 per
865 1498 989 1528 mera
1017 1484 1282 1537 donatione,
1308 1485 1407 1526 sine
1429 1484 1570 1536 modo,
1594 1485 1693 1526 sine
1716 1498 1822 1526 con—

182 1562 362 1613 ditione,
385 1561 416 1603 il
438 1561 629 1617 collegio
651 1562 806 1604 dotato
828 1562 914 1604 alla
937 1561 1240 1618 Compagnia,
1267 1568 1311 1605 et
1334 1560 1619 1618 significcino
1642 1560 1673 1602 il
1701 1560 1820 1604 desi-

182 1639 306 1682 derio
337 1639 449 1692 loro,
474 1645 519 1681 et
547 1638 772 1694 preghino
800 1639 843 1681 la
872 1638 1155 1695 Compagnia
1183 1640 1270 1681 che
1303 1638 1425 1694 vogli
1454 1636 1642 1682 rieeuer'
1668 1638 1823 1692 quella

183 1715 427 1759 donatione
449 1730 586 1768 mera,
607 1722 714 1768 etc.,
735 1722 779 1759 et
797 1715 832 1758 si
850 1715 975 1772 vogli
998 1715 1216 1771 obligare,
1237 1716 1434 1758 secondo
1451 1716 1538 1758 che
1560 1716 1721 1771 puotra
1738 1729 1819 1770 per

182 1793 213 1835 il
242 1807 323 1835 suo
362 1792 586 1845 instituto,
612 1792 899 1849 obligandosi
920 1808 946 1836 a
975 1808 1023 1836 se
1052 1800 1217 1844 stessa,
1244 1807 1335 1835 non
1367 1808 1392 1835 a
1423 1793 1535 1844 loro,
1562 1793 1618 1835 ne
1647 1807 1726 1847 per
1755 1791 1818 1833 ri-

181 1877 329 1925 spetto
351 1870 407 1912 de
429 1869 710 1923 fundatione,
735 1885 808 1913 ma
830 1884 910 1926 per
932 1870 961 1912 11
985 1885 1067 1913 suo
1089 1870 1297 1912 instituto
1318 1877 1364 1912 et
1386 1870 1584 1912 volonta.
1607 1870 1757 1913 Nasce
1778 1869 1821 1912 la

180 1946 412 1999 difficolta,
453 1948 540 1991 che
568 1962 676 2003 pare
708 1954 868 2002 questa
895 1947 1197 2003 obligatione,
1224 1946 1358 1990 etiam
1389 1962 1413 1989 a
1447 1961 1495 1990 se
1523 1954 1689 1997 stessa,
1715 1952 1810 1991 etc.

178 2038 301 2068 esser
322 2031 479 2067 contra
500 2025 542 2066 16
564 2024 893 2077 constitutioni,
919 2031 1090 2079 quanto
1123 2025 1198 2067 all’
1223 2023 1499 2080 obligatione
1527 2023 1573 2066 di
1603 2023 1684 2066 dar
1712 2038 1814 2078 pre-

178 2100 377 2145 dicatore
399 2108 443 2145 et
464 2102 626 2145 lettore
647 2101 692 2143 di
717 2100 963 2157 theologia,
989 2102 1106 2144 doue
1124 2116 1216 2143 non
1233 2102 1257 2143 e
1275 2100 1538 2144 vniuersita.
1562 2100 1654 2155 Qui
1672 2099 1817 2156 prima

177 2191 359 2221 occorre
387 2180 473 2221 che
500 2179 542 2222 la
572 2180 625 2221 Ρ.
657 2179 714 2222 V.
747 2193 837 2221 non
867 2180 927 2221 ha
955 2178 1198 2230 difficolta,
1225 2180 1282 2221 ne
1312 2179 1354 2221 la
1376 2179 1435 2230 fa,
1460 2177 1508 2219 in
1531 2177 1744 2233 obligarsi
1774 2178 1816 2220 la

179 2255 464 2312 Compagnia
487 2272 512 2299 a
533 2257 641 2298 dare
663 2256 704 2299 16
726 2256 838 2300 altre
860 2256 1053 2308 lettioni,
1078 2256 1125 2298 in
1144 2257 1275 2299 fuora
1292 2255 1337 2298 di
1356 2256 1504 2310 quelle
1521 2254 1566 2297 di
1585 2254 1815 2310 theologia

179 2339 224 2375 et
246 2333 289 2374 d'
315 2331 345 2374 11
367 2332 660 2388 predicatore.
683 2334 739 2376 Et
756 2332 850 2376 cosi
875 2334 934 2375 ha
953 2334 1064 2375 fatto
1081 2334 1139 2376 N.
1163 2335 1213 2376 Ρ.
1237 2334 1352 2376 Mro.
1374 2333 1554 2388 Laynez
1572 2332 1689 2375 nella
1707 2332 1813 2374 fun-

180 2409 361 2453 datione
383 2410 455 2452 del
477 2410 669 2466 collegio
691 2410 735 2453 di
758 2411 960 2464 Cuenca,
981 2417 1026 2453 et
1044 2411 1099 2453 V.
1130 2412 1181 2453 Ρ.
1209 2409 1254 2451 in
1278 2410 1426 2465 quello
1449 2410 1505 2452 de
1528 2409 1728 2464 Dilinga.
1757 2410 1816 2451 Et

179 2500 260 2541 par
280 2486 437 2529 chiaro
459 2487 528 2530 dal
556 2488 624 2530 2.⁰
647 2494 692 2531 et
720 2500 735 2530 Ι
750 2499 766 2530 1
793 2487 988 2543 capitolo
1010 2488 1127 2530 della
1148 2499 1176 2540 4
1197 2494 1325 2543 parte
1352 2486 1470 2530 delle
1498 2484 1811 2529 constitutioni

177 2575 261 2605 con
283 2563 326 2607 le
347 2578 428 2607 sue
449 2563 742 2607 declarationi
760 2565 792 2617 ²,
818 2571 864 2608 et
886 2565 959 2607 dal
984 2563 1050 2618 3.⁰
1073 2564 1190 2608 della
1213 2561 1283 2621 qa
1302 2565 1334 2615 ⁵,
1360 2564 1479 2607 doue
1501 2562 1538 2606 si
1560 2563 1697 2614 vede,
1724 2563 1813 2605 che

245 2743 253 2762 ¹
304 2742 362 2776 Ex
392 2743 616 2789 archetypo,
647 2754 669 2778 a
699 2742 876 2788 Jimenez
906 2748 1079 2789 exarato,
1110 2747 1150 2778 et
1181 2740 1331 2777 Natalis
1359 2752 1474 2776 manu
1501 2739 1736 2787 subscripto,
1769 2739 1809 2773 in

170 2800 303 2846 Epist.
322 2801 477 2847 Natal.,
496 2802 548 2847 II,
566 2801 711 2848 duplici
730 2801 812 2849 fol.‚
838 2810 904 2847 179
925 2801 1022 2849 (416,
1041 2804 1138 2846 417).
1159 2802 1204 2836 In
1223 2812 1374 2836 summa
1391 2811 1456 2835 ora
1475 2799 1622 2846 primae
1642 2799 1808 2845 paginae

168 2859 264 2894 haec
283 2859 459 2904 Jimenez
478 2861 645 2907 scripsit:
667 2862 917 2908 Dupplicata
934 2864 971 2897 et
989 2862 1032 2896 in
1051 2861 1214 2907 qualche
1232 2871 1321 2896 cosa
1339 2862 1500 2894 mutata
1518 2862 1555 2894 et
1573 2859 1756 2905 agionta.

240 2921 253 2939 ²
303 2918 403 2954 Vide
425 2918 734 2956 constitutiones
754 2921 963 2956 Societatis
973 2921 1073 2967 Jesu
1092 2921 1246 2955 latinae
1264 2923 1299 2955 et
1317 2919 1564 2965 hispanicae,
1589 2928 1708 2964 pagg.
1742 2923 1804 2950 111

175 2982 214 3011 et
237 2985 251 3010 1
313 3005 319 3012 .

247 2986 303 3057 ³49
313 3035 620 3074 Constitutiones
640 3039 846 3074 Societatz's
856 3039 957 3085 Jesu
974 3039 1128 3074 latinae
1146 3041 1183 3074 et
1202 3038 1447 3086 hispanicae,
1467 3047 1559 3083 pag.
1584 3035 1666 3079 267.
