2101 3348
373 244 442 289 788
954 242 1093 278 EPIST.
1120 240 1163 274 P.
1194 240 1347 275 NADAL

325 344 458 388 nobis
480 345 621 387 Rdus.
650 343 697 386 in
728 342 912 386 Christo
943 344 1079 385 Pater
1112 341 1300 393 Natalis,
1336 355 1440 383 cum
1468 339 1669 383 omnium
1692 346 1898 382 nostrum
1921 339 1968 383 in

327 403 524 448 Domino
548 401 873 446 consolatione.
896 401 1063 457 Aliqua
1086 401 1221 445 etiam
1244 400 1290 443 in
1313 400 1507 455 collegio
1530 399 1781 450 constituit,
1802 413 1967 442 secun-

327 464 436 506 dum
461 462 604 518 ipsius
627 462 672 504 in
695 461 892 505 Domino
913 460 1153 503 discretam
1173 458 1475 515 prudentiam,
1496 466 1541 502 et
1563 457 1791 501 ordinauit
1807 459 1966 501 admo-

326 523 434 565 dum
457 521 589 564 nobis
612 521 738 564 utilia
762 528 807 564 et
829 527 974 576 grata;
1001 520 1056 562 de
1079 519 1243 575 quibus
1265 526 1375 574 puto
1397 518 1544 574 ipsum
1568 520 1621 561 R.
1651 520 1702 561 P.
1735 519 1792 560 V.
1826 517 1966 561 latius

324 582 689 625 informaturum.
718 580 915 636 Agimus
938 578 1107 636 gratias
1128 580 1227 622 Deo
1251 585 1294 620 et
1318 580 1371 621 R.
1395 581 1448 621 P.
1473 579 1529 621 V.
1556 578 1612 620 de
1635 591 1717 620 suo
1740 576 1961 632 singulari

327 655 437 697 erga
465 655 549 683 nos
576 647 764 696 paterno
787 641 971 692 affectu,
996 653 1086 693 quo
1114 652 1197 680 nos
1235 638 1404 681 solatur
1441 644 1486 681 et
1521 636 1692 692 dirigit,
1725 643 1773 679 ut
1796 636 1840 678 in
1864 636 1962 679 dies

324 714 584 744 crescamus
621 699 668 741 in
699 698 960 754 cognitione
996 705 1040 740 et
1078 712 1228 740 amore
1265 696 1516 740 uocationis
1553 703 1748 740 nostrae.
1775 697 1832 738 Et
1855 695 1960 750 quia

324 761 377 803 R.
408 762 457 802 P.
482 758 654 803 Natalis
677 759 865 813 parabat
888 757 1076 809 abitum,
1097 763 1362 812 occupatus,
1383 756 1429 799 in
1446 755 1802 811 praesentiarum
1820 755 1961 798 multa

324 818 523 862 scribere
540 833 630 860 non
649 817 791 873 potui,
812 818 892 860 sed
910 819 995 859 hoc
1013 817 1158 859 solum
1181 816 1380 858 indicare
1398 816 1607 859 uolebam
1625 814 1776 857 onmia
1794 814 1980 870 optime·

324 878 455 921 nobis
477 878 673 934 placere,
698 891 814 932 quae
836 879 971 919 Pater
994 876 1068 918 hic
1085 875 1366 919 ordinauit...

1097 1019 1198 1062 XLI

692 1114 743 1150 S.
785 1112 1225 1149 FRANCISCUS
1264 1112 1346 1148 DE
1386 1111 1601 1158 BORJA

869 1211 1010 1241 PATRI
1029 1210 1244 1240 ANTONIO
1275 1209 1420 1240 VINCK

746 1294 962 1346 Rornae,
1010 1293 1034 1334 8
1078 1291 1284 1347 Aprilis
1333 1304 1348 1334 1
1365 1292 1461 1346 567
1509 1292 1543 1335 ¹.

320 1389 576 1430 Curandum,
595 1391 636 1423 ut
653 1399 777 1423 novus
790 1387 1110 1433 archiepiscopus
1124 1386 1358 1422 trevirensis
1367 1385 1470 1433 fidei
1480 1384 1771 1432 professionem
1786 1385 1957 1422 emittat.

490 1472 629 1514 molto
647 1471 958 1526 conuerrebbe
975 1471 1058 1512 che
1076 1469 1302 1512 mandassi
1320 1469 1350 1511 il
1368 1483 1489 1512 nouo
1513 1468 1811 1511 arciuescouo
1833 1469 1847 1489 ‘²
1868 1483 1958 1512 una

319 1533 442 1575 bona
464 1530 749 1574 confessione
766 1530 883 1572 della
905 1544 987 1572 sua
1011 1530 1128 1581 fede,
1155 1528 1432 1572 sottoscritta
1449 1528 1494 1571 di
1517 1543 1599 1572 sua
1617 1543 1750 1571 mano
1768 1535 1813 1571 et
1829 1527 1958 1584 sigil-

318 1593 410 1634 lata
432 1591 506 1634 col
528 1605 611 1633 suo
634 1589 797 1646 sigillo,
825 1603 952 1631 come
975 1588 1216 1631 habbiamo
1240 1588 1357 1631 uisto
1379 1603 1471 1631 una
1493 1589 1566 1631 del
1594 1602 1792 1631 vescouo
1821 1602 1956 1631 osna—

318 1652 550 1706 burgense
573 1651 586 1671 ³
627 1657 672 1693 et
709 1648 1082 1701 monasteriense,
1122 1654 1167 1690 et
1204 1649 1262 1691 V.
1298 1650 1351 1692 R.
1379 1647 1560 1703 procuri
1582 1662 1661 1702 per
1697 1662 1747 1691 se
1775 1662 1802 1690 o
1823 1662 1904 1703 per
1925 1647 1956 1690 il

321 1713 373 1753 P.
401 1712 481 1753 Dr.
510 1711 757 1763 Hermano,
784 1709 869 1751 che
891 1708 919 1749 l'
945 1707 1239 1750 arciuescouo
1263 1707 1402 1750 faccia
1427 1708 1488 1749 tal
1506 1706 1790 1749 confessione
1813 1707 1956 1749 molto

319 1784 540 1825 espressa,
567 1768 730 1823 perche
753 1769 867 1809 oltra
889 1767 933 1809 di
956 1766 1260 1810 accomodarsi
1278 1782 1303 1809 a
1326 1768 1474 1823 quello
1496 1768 1581 1810 che
1604 1765 1772 1809 ricerca
1794 1765 1824 1808 il
1843 1780 1953 1808 con-

319 1829 438 1882 cilio,
471 1828 726 1871 abracciato
755 1827 799 1868 in
829 1834 989 1881 questa
1018 1826 1137 1870 dieta
1166 1834 1422 1882 augustana
1451 1834 1631 1881 passata
1664 1825 1768 1867 dalli
1791 1826 1951 1880 prelati

318 1887 529 1931 catholici
548 1887 592 1929 di
615 1886 875 1939 Germania,
902 1901 992 1928 non
1021 1885 1238 1928 dubitano
1261 1887 1368 1928 dara
1397 1886 1563 1941 special
1591 1884 1902 1929 consolatione
1925 1901 1951 1928 a

318 1949 410 1992 Sua
434 1948 544 1999 Sta,
571 1954 616 1990 et
640 1946 858 1988 facilitara
881 1948 1025 1988 anche
1047 1945 1077 1987 il
1100 1945 1284 2001 negotio
1308 1946 1423 1988 della
1445 1959 1528 1988 sua
1549 1944 1946 1988 confirmatione...

318 2007 450 2050 Circa
472 2007 502 2048 il
526 2006 766 2048 continuas
788 2020 814 2048 o
837 2005 996 2047 lasciar
1018 2005 1123 2059 quel
1145 2004 1363 2060 principio
1388 2005 1497 2048 fatto
1521 2004 1565 2045 in
1586 2004 1866 2056 Fransordia,
1892 2005 1954 2047 mi

319 2067 380 2108 ho
404 2066 592 2109 rimesso
629 2067 670 2108 al
710 2067 765 2108 P.
799 2065 975 2116 Natale,
1001 2064 1032 2105 il
1055 2065 1187 2118 quale
1210 2079 1259 2108 se
1290 2064 1327 2106 si
1351 2063 1543 2106 trouassi
1566 2063 1612 2106 in
1636 2065 1850 2115 Treuere‚
1877 2078 1954 2107 ac-

318 2125 425 2169 cetti
449 2132 608 2180 questa
631 2139 758 2167 come
786 2139 883 2175 sua,
917 2123 1236 2179 specialmente
1264 2130 1434 2178 quanto
1465 2124 1506 2165 al
1530 2137 1745 2179 procuras
1773 2123 1815 2165 la
1843 2137 1953 2166 con—

319 2184 517 2228 fessione
540 2184 614 2240 gia
636 2186 759 2226 detta
781 2183 827 2226 in
850 2185 940 2225 bon
963 2184 1151 2227 modo...
1176 2185 1263 2226 Per
1286 2184 1435 2238 quello
1458 2184 1542 2226 che
1560 2184 1615 2225 V.
1638 2184 1676 2225 R
1714 2181 1862 2225 scriue
1881 2183 1954 2226 del

320 2245 369 2285 Ρ.
394 2245 570 2294 Natale,
612 2246 695 2286 che
733 2258 823 2285 non
846 2243 883 2285 si
912 2242 1052 2285 lascia
1089 2249 1290 2294 tranare,
1316 2243 1515 2286 secondo
1538 2244 1622 2284 che
1644 2242 1685 2284 la
1708 2256 1790 2283 sua
1812 2244 1884 2285 eta
1907 2249 1951 2285 et

316 2302 646 2358 indispositioni
670 2303 916 2354 ricercano‚
943 2303 1001 2344 do
1023 2302 1178 2345 ordine
1202 2302 1243 2344 al
1266 2303 1315 2344 P.
1346 2302 1582 2353 Ximenez,
1609 2301 1734 2344 accio
1763 2300 1952 2346 insieme

316 2363 386 2404 col
409 2362 685 2417 prouinciale
703 2377 729 2403 o
747 2369 886 2405 rettor
904 2362 977 2403 del
994 2361 1202 2417 collegio,
1223 2361 1341 2404 doue
1364 2361 1400 2404 si
1424 2363 1620 2413 trouara‚
1640 2360 1670 2402 li
1687 2375 1881 2416 possano
1904 2361 1949 2404 in

317 2429 476 2476 questa
500 2428 625 2476 parte
649 2422 931 2464 comandare.

387 2559 398 2579 ¹
450 2558 507 2592 Ex
525 2558 713 2602 Regesto,
735 2555 828 2591 Cod.
852 2567 893 2601 33
909 2558 973 2603 g),
994 2558 1059 2592 fol.
1080 2566 1120 2601 7.
1145 2557 1244 2593 Vide
1263 2568 1354 2604 pag.
1380 2556 1463 2601 453;
1484 2563 1524 2593 et
1541 2558 1624 2603 468.

386 2620 399 2638 ’ὲ
451 2618 621 2663 Jacobus
639 2617 687 2651 ab
707 2617 806 2661 ΕΠΖ,
827 2617 888 2650 vel
909 2617 994 2652 Elz.
1320 2618 1333 2637 5
1385 2618 1556 2662 Joannes
1576 2618 1630 2652 IV
1649 2617 1697 2653 de
1716 2619 1846 2664 Hoya.
