2101 3348
717 208 739 244 8
767 208 1032 245 SEPTEMBRIS
1062 209 1151 255 1566
1637 208 1702 244 231

117 311 372 368 prudentia,
398 319 533 368 atque
554 311 749 355 instituti
772 313 913 355 nostri
935 313 1210 369 cognitione,
1236 319 1282 356 et
1303 327 1388 355 usu
1408 311 1750 368 gubernationis

119 388 361 444 plurimum
389 388 434 431 in
464 388 659 432 Domino
687 390 966 432 confidamus
988 404 996 443 3
1022 389 1212 446 dignum
1241 396 1284 434 te
1313 389 1669 433 existimauimus
1701 389 1745 431 in

118 466 329 520 Domino,
350 481 484 521 quem
507 466 769 522 prouinciali
793 468 978 522 Lanoyo
997 468 1206 511 daremus
1229 481 1551 510 successorem.
1576 469 1641 510 Te
1659 467 1746 523 igi-

120 550 192 585 tur
234 543 512 599 praedictum
555 544 850 586 Laurentium
895 544 1147 600 Maggium,
1194 544 1462 587 auctoritate
1504 544 1745 587 admodum

117 619 216 663 Rdi.
246 619 391 663 Patris
413 619 553 662 nostri
576 620 803 663 Francisci
827 636 851 663 a
875 620 1056 676 Borgia,
1082 621 1325 677 praepositi
1344 621 1569 677 generalis
1588 621 1744 666 Socie-

116 697 220 740 tatis
251 699 382 754 Jesu,
422 696 727 749 nominamus,
769 697 1046 740 instituimus
1088 705 1132 740 et
1174 713 1379 741 creamus
1422 698 1744 754 prouincialem

111 774 417 830 praepositum
440 789 518 830 per
542 774 803 826 triennium,
829 775 885 816 de
908 789 1031 817 more
1049 774 1303 826 Societatis,
1325 775 1369 817 in
1388 776 1473 817 hac
1490 775 1739 830 prouincia,

109 865 225 907 quae
248 850 496 902 Austriam,
525 851 804 903 Bohemiam,
827 851 1076 906 Vngariam
1092 859 1137 894 et
1157 851 1390 893 Poloniam
1410 852 1740 907 complectitur,

109 943 212 971 cum
235 943 288 972 ea
310 927 431 970 omni
448 927 705 979 autoritate,
728 942 862 983 quam
881 929 1026 972 solent
1044 927 1344 984 prouinciales
1362 928 1502 975 nostri
1521 928 1739 980 obtinere,

110 1005 155 1047 in
188 1005 367 1055 nomine
402 1005 549 1048 Patris
578 1012 621 1049 et
656 1005 755 1048 Filii
793 1012 837 1049 et
875 1005 1070 1060 Spiritus
1109 1004 1279 1049 Sancti.
1313 1005 1475 1047 Amen.
1511 1005 1740 1048 Christum

110 1097 218 1125 uero
235 1084 391 1140 jesum
416 1089 510 1125 toto
533 1082 669 1124 animi
691 1084 857 1125 affectu
879 1096 1115 1138 precamur
1138 1089 1274 1136 atque
1296 1082 1601 1133 obsecramus,
1623 1089 1673 1123 ut
1697 1089 1740 1125 te

110 1166 324 1214 tuamque
346 1159 720 1215 gubernationem
745 1167 881 1214 atque
910 1159 1186 1215 prouinciam
1219 1159 1276 1201 ad
1304 1158 1517 1202 maiorem
1553 1158 1739 1214 gloriam

108 1236 301 1279 nominis
323 1236 407 1288 sui,
434 1235 817 1292 plurimarumque
840 1236 1089 1279 animarum
1113 1238 1303 1280 salutem
1331 1233 1377 1279 in
1406 1227 1501 1279 dies
1524 1235 1735 1292 dirigere,

107 1327 159 1355 ac
191 1328 456 1369 promouere
487 1313 720 1370 dignetur.
747 1316 915 1357 Datum
948 1317 1144 1371 Pragae,
1171 1314 1245 1358 die
1278 1315 1302 1357 8
1331 1313 1499 1358 mensis
1529 1315 1738 1369 Septem—

110 1389 202 1433 bris
231 1391 355 1445 1566.

850 1475 879 1533 †
911 1476 1240 1591 HIERONYM-{JS
1259 1476 1493 1518 NATALis.
1530 1474 1558 1531 ·1·

190 1622 354 1664 Exstat
376 1623 584 1679 sigillum
607 1623 854 1665 Societatis.
883 1623 1139 1678 InscriptiO,
1163 1638 1191 1663 a
1214 1626 1363 1679 tergo:
1392 1623 1606 1665 Patentes
1629 1620 1731 1664 lite-

103 1713 178 1743 rae
203 1698 338 1742 officii
361 1699 729 1755 prouincialatus.
756 1700 879 1742 Idem
905 1700 1061 1742 titulus
1085 1699 1246 1741 ibidem
1271 1700 1480 1741 iteratur.

865 1812 988 1851 2129

545 1897 598 1938 Ρ.
634 1897 1044 1940 HIERONYMUS
1077 1895 1295 1939 NADAL

459 1971 663 2007 PATRI
706 1970 1108 2008 LAURENTIO
1152 1970 1372 2008 MAGIO

584 2046 767 2079 PRAGAE,
787 2038 808 2072 8
827 2046 1085 2074 SEPTEMBRls
1107 2037 1195 2081 1566
1215 2039 1238 2074 ¹.

100 2102 272 2138 Litterae
291 2105 485 2148 patentes,
506 2103 646 2149 quibus
660 2102 846 2150 facultas
864 2105 1090 2138 contractus
1107 2102 1277 2138 ineundi
1289 2101 1538 2148 provinciali
1559 2101 1729 2146 aliisque

594 2163 642 2197 ab
660 2163 745 2208 ipso
764 2163 958 2209 delegatis
972 2162 1220 2197 conceditur.

178 2241 308 2297 Jhus.
330 2241 500 2283 Doctor
517 2240 824 2296 Hieronymus
842 2240 1029 2292 Natalis,
1044 2239 1282 2284 Societatis
1294 2240 1420 2296 JeSU,
1437 2253 1516 2294 per
1534 2245 1728 2293 quatuor

95 2316 329 2373 Vtriusque
351 2317 623 2361 Germaniae
644 2317 901 2374 prouincias
930 2317 1150 2371 visitator,
1176 2315 1437 2359 charissimo
1465 2315 1512 2358 in
1545 2315 1727 2358 Christo

97 2394 221 2436 fratri
249 2394 424 2437 doctori
452 2394 697 2438 Laurentio
727 2394 940 2451 Maggio‚
969 2401 1149 2437 nostrae
1177 2393 1417 2438 Societatis
1444 2392 1491 2435 in
1520 2392 1722 2444 Austria,

97 2471 325 2524 Bohemia‚
353 2472 555 2528 Ungaria
577 2478 622 2515 et
646 2472 833 2515 Polonia
861 2471 1150 2528 prouinciali,
1176 2472 1368 2515 salutem
1391 2470 1438 2512 in
1459 2485 1529 2522 eo,
1557 2469 1632 2525 qui
1655 2477 1725 2514 est

95 2562 203 2592 uera
223 2549 357 2592 salus.
376 2550 532 2604 Quum
554 2563 626 2592 res
644 2549 810 2592 multae
827 2549 1093 2605 contingere
1110 2548 1284 2605 possint
1306 2548 1351 2590 in
1376 2555 1453 2589 tua
1470 2546 1719 2603 prouincia,

91 2624 136 2666 in
159 2625 322 2680 quibus
345 2626 556 2682 gerendis
579 2633 714 2681 atque
737 2625 1102 2669 administrandis
1123 2625 1214 2668 sint
1236 2631 1496 2668 contractus
1518 2622 1721 2680 legitime

91 2700 291 2756 ineundi,
310 2717 368 2746 ne
383 2702 429 2745 in
447 2705 531 2746 hac
548 2709 674 2759 parte
697 2703 777 2746 tibi
799 2703 914 2748 desit
936 2718 988 2747 ea
1010 2704 1216 2754 facultas,
1239 2716 1355 2758 quae
1374 2700 1626 2745 necessaria
1642 2699 1716 2752 sit,

89 2778 163 2819 uel
186 2778 308 2821 utilis
332 2780 482 2823 futura
503 2780 560 2824 ad
589 2787 710 2823 recte
737 2787 783 2823 et
812 2780 969 2824 ordine
992 2787 1115 2823 tuam
1145 2778 1425 2836 prouinciam
1455 2778 1719 2834 gubernan-

91 2854 215 2907 dam,
247 2856 611 2911 quandoquidem
639 2858 695 2900 de
722 2864 801 2901 tua
828 2858 1073 2914 probitate,
1099 2856 1327 2908 doctrina,
1353 2869 1503 2900 rerum
1534 2868 1640 2905 usu,
1672 2859 1717 2895 et

165 2963 174 2982 ¹
225 2962 283 2997 Ex
301 2963 525 3008 archetypo,
543 2949 565 2997 a
583 2962 739 2998 librario
763 2969 936 3009 exarato,
963 2969 1002 2999 et
1022 2962 1172 2998 Natalis
1197 2974 1313 2997 manu
1337 2959 1570 3006 subscripto,
1591 2959 1631 2994 in
1654 2969 1716 2993 co-

92 3017 193 3065 dice,
211 3020 274 3055 cui
292 3020 442 3056 titulus:
466 3021 638 3057 Litterae
651 3025 832 3069 patentes
849 3031 946 3066 1545
963 3042 976 3049 -
994 3032 1065 3068 99,
1083 3021 1227 3068 duplici
1245 3020 1329 3067 fol.,
1358 3020 1416 3064 64.
