2101 3348
810 218 1032 253 APPEme
1614 224 1683 261 797

101 338 180 380 per
203 337 327 366 esser
348 322 606 378 ilpredicar
628 328 673 365 et
695 321 855 377 legger
878 332 985 364 cose
1007 319 1161 362 diuine
1184 326 1230 361 et
1251 318 1385 361 simili
1408 317 1509 360 altri
1530 317 1736 360 ministe-

99 383 168 434 ri-i,
194 397 275 438 per
304 388 430 424 tanto
462 381 630 437 proprii
663 381 735 423 del
765 387 920 422 nostro
953 379 1192 432 institut03
1223 385 1268 421 et
1300 377 1572 421 similmente
1598 391 1688 420 non
1711 378 1741 420 6

100 457 233 498 parso
255 456 379 485 esser
401 455 506 483 cosa
527 442 613 483 che
635 453 876 494 conuenga
898 438 929 480 il
951 439 1030 481 dar
1053 437 1167 480 tanti
1190 436 1508 493 professori...;
1535 451 1627 479 non
1649 436 1690 479 ci
1712 436 1739 480 ὲ

103 515 234 557 parso
257 501 401 542 douer
423 501 677 543 confermar
698 498 729 540 il
751 504 992 549 contratto,
1019 504 1145 553 parte
1168 512 1247 553 per
1275 511 1398 539 esser
1421 502 1577 539 contra
1598 495 1629 537 il
1652 510 1735 538 no-

102 568 196 603 stro
217 559 441 610 instituto,
466 565 595 614 parte
618 573 697 613 per
719 572 841 601 esser
863 564 1024 613 troppo
1041 571 1239 612 graue...

880 670 959 713 LV

455 758 940 797 WOLFGANGUS
981 758 1378 793 PYRRINGER

554 851 738 881 SANCTO
761 851 1024 880 FRANCISCO
1047 851 1109 880 DE
1132 849 1281 888 BORJA

492 927 809 979 Vindobonae,
836 939 851 969 Ι
875 925 1154 982 Septembris
1178 926 1287 979 1567
1311 926 1337 967 ¹.

728 1015 904 1050 Litterae
923 1026 1099 1049 annuae.

264 1096 314 1137 In
346 1093 571 1148 colloquio
603 1107 712 1136 uero
744 1092 986 1147 spirituali,
1019 1093 1142 1147 quod
1179 1091 1304 1134 iussu
1343 1092 1396 1133 R.
1424 1092 1476 1133 Ρ.
1504 1089 1677 1134 Natalis
1706 1105 1732 1133 a

101 1168 242 1197 coena
265 1160 332 1196 ter
354 1153 399 1195 in
423 1154 711 1197 hebdomada
734 1151 891 1195 haberi
914 1152 1049 1203 solet,
1076 1166 1253 1206 semper
1270 1165 1349 1192 eae
1372 1165 1441 1193 res
1465 1151 1733 1202 afferuntur,

102 1228 218 1269 quae
239 1227 323 1256 nec
346 1212 433 1255 dici
456 1226 540 1256 nec
562 1211 706 1256 audiri
729 1217 922 1267 possunt
944 1211 1115 1265 absque
1144 1224 1309 1265 magna
1337 1209 1588 1252 animorum
1609 1208 1731 1251 vtili-

103 1279 195 1316 tate
218 1286 269 1315 ac
293 1273 457 1314 fructu.

868 1384 969 1426 LVI

647 1475 690 1508 P.
722 1471 994 1509 ANTONIUS
1021 1471 1186 1507 VINCK

387 1565 652 1596 SANCTO
694 1563 1073 1594 FRANCISco
1116 1563 1193 1592 DE
1238 1561 1445 1601 BORJA

504 1640 786 1697 Moguntiae,
811 1652 839 1693 4
861 1638 1139 1694 Septembris
1169 1638 1277 1692 1567
1295 1638 1327 1679 ⁶².

167 1729 356 1765 Natalem
375 1730 556 1765 convenit
574 1730 627 1764 ad
637 1728 797 1775 fontem
817 1727 1052 1763 leodiensem
1069 1739 1079 1761 .·
1099 1727 1145 1761 de
1162 1726 1277 1761 rebus
1290 1725 1524 1771 pro-vinciae
1542 1726 1660 1761 illum

827 1786 1010 1822 consulit.

189 1868 393 1910 Essendo
416 1867 503 1909 che
520 1865 656 1920 dopoi
678 1866 765 1908 che
788 1864 832 1906 di
854 1869 1014 1918 questo
1036 1862 1228 1917 collegio
1251 1862 1310 1903 mi
1334 1876 1446 1905 sono
1468 1863 1631 1916 partito
1655 1863 1729 1906 alli

106 1939 157 1980 14
180 1926 363 1984 diJulio
384 1941 464 1982 per
494 1926 633 1967 andar
661 1931 706 1967 et
737 1931 888 1966 trouar
917 1923 957 1965 al
989 1923 1099 1965 Rdo.
1128 1924 1179 1964 P.
1207 1922 1351 1964 Nadal
1373 1922 1624 1974 visitatore,
1650 1937 1730 1978 per

101 1985 215 2028 darli
238 1986 365 2028 auiso
388 1985 431 2027 di
456 1985 605 2039 quello
628 1985 714 2027 che
737 1981 916 2026 hauessi
940 1982 1050 2024 satto
1072 1981 1117 2022 in
1139 1980 1374 2035 Herbipoli
1398 1988 1442 2024 et
1460 1981 1589 2035 spira
1611 1982 1729 2025 circa

98 2045 139 2088 le
162 2044 416 2087 fundationi
435 2045 477 2086 di
497 2043 608 2086 detti
627 2042 821 2098 collegii,
842 2056 934 2083 non
952 2042 1011 2083 ho
1035 2040 1206 2092 scritto,
1227 2041 1335 2083 daro
1355 2041 1560 2083 almarico
1582 2040 1624 2082 in
1645 2055 1735 2097 ge——

98 2105 255 2148 nerale
298 2104 520 2160 raggione
564 2103 608 2145 di
651 2103 801 2158 quello
839 2102 925 2143 che
962 2100 1007 2142 in
1046 2106 1205 2154 questo
1242 2099 1427 2155 viaggio
1465 2101 1525 2141 ho
1564 2100 1724 2143 fatto...

98 2164 193 2206 Alli
219 2176 291 2218 23,
319 2164 366 2207 S.
394 2164 442 2206 S.
476 2165 601 2205 Rma.
636 2161 833 2218 [electus
865 2158 1145 2217 trevirensis]
1169 2160 1182 2179 ³
1213 2158 1250 2201 si
1282 2159 1405 2201 dette
1437 2160 1650 2214 alquanto
1684 2160 1729 2201 di

98 2222 262 2265 viatico
285 2230 330 2266 et
352 2238 411 2264 vn
436 2236 690 2277 compagno
714 2228 758 2263 et
781 2219 942 2275 guida,
968 2226 1013 2262 et
1035 2218 1078 2260 in
1103 2219 1193 2262 fine
1220 2218 1266 2259 in
1299 2219 1403 2273 quel
1433 2218 1593 2273 giorno
1617 2219 1730 2261 arri-

100 2282 294 2324 uassimo
317 2298 342 2324 a
366 2282 602 2326 Stabuleto
626 2282 658 2332 ⁴,
684 2280 803 2322 vnde
825 2280 867 2321 la
889 2278 1058 2320 matina
1087 2284 1320 2332 sequente,
1353 2277 1520 2319 incirca
1549 2278 1590 2321 le
1618 2280 1729 2321 hore

98 2348 207 2393 otto,
223 2341 509 2384 arriuassimo
528 2356 553 2383 a
570 2342 703 2396 Spae.
725 2338 1052 2381 Domandando
1071 2336 1341 2380 trouassimo
1359 2337 1389 2379 il
1406 2337 1729 2393 allogiamento

171 2473 179 2493 ¹
231 2473 289 2507 Ex
308 2473 560 2518 autographo,
583 2471 621 2506 in
645 2470 738 2505 Cod.
761 2479 810 2514 29
825 2469 889 2516 g),
911 2468 955 2503 36
974 2470 1091 2513 (219).

170 2534 184 2553 2
234 2533 291 2567 Ex
311 2532 564 2577 autographo,
584 2531 623 2566 in
645 2530 743 2564 Cod.
768 2539 818 2574 29
834 2530 897 2576 g),
919 2527 988 2563 323
1006 2527 1124 2572 (537).
1148 2527 1249 2563 Vide
1270 2539 1363 2574 pag.
1388 2537 1473 2572 479.

170 2592 183 2611 ⁵
234 2592 404 2637 Jacobus
422 2592 470 2625 ab
489 2592 587 2633 ΕΗΖ,
610 2591 672 2624 vel
690 2590 777 2624 Elz.

168 2652 182 2671 4
230 2650 355 2696 Prope
386 2650 533 2685 fontem
564 2649 803 2684 leodiensem
830 2648 979 2684 nullum
1011 2646 1225 2693 reperimus
1257 2646 1439 2693 oppidum
1470 2647 1542 2681 hoc
1572 2645 1727 2680 nomine

96 2715 376 2756 nuncupatum.
401 2709 515 2745 Unde
535 2709 803 2744 existimamus
823 2718 1040 2742 sermonem
1058 2707 1120 2742 hic
1139 2718 1225 2742 esse
1244 2706 1292 2741 de
1309 2707 1485 2744 Stabulo,
1501 2705 1602 2752 quod
1615 2704 1719 2751 oppi-

93 2767 185 2803 dum
202 2779 277 2803 non
296 2770 411 2813 longe
430 2781 451 2803 a
469 2768 622 2814 spaensi
644 2767 749 2802 fonte
768 2766 815 2801 ad
839 2766 1029 2801 orientem
1054 2767 1176 2801 solem
1201 2765 1317 2800 situm
1343 2770 1419 2799 est.
1450 2766 1509 2799 De
1534 2764 1598 2799 illo
1622 2765 1711 2800 haee

94 2828 306 2862 Ferrarius:
341 2827 582 2870 «Stabulum,
610 2826 759 2871 Stablo,
785 2826 968 2872 oppidum
993 2824 1135 2871 Belgii,
1166 2836 1254 2859 cum
1287 2824 1456 2859 Abbatia
1487 2822 1647 2865 celebri,
1678 2822 1725 2856 ad

94 2899 247 2922 amnem
266 2887 430 2931 Rechte‚
450 2886 488 2921 in
513 2886 661 2922 ditione
686 2885 870 2932 Episcopi
896 2884 1141 2930 Leodiensis,
1166 2888 1205 2918 et
1230 2883 1269 2918 in
1293 2883 1461 2918 confinio
1486 2882 1725 2916 Luxembur-

94 2946 220 2991 gensi.
237 2956 272 2990 4.
288 2945 409 2980 leucis
424 2945 542 2980 distat
560 2957 582 2980 a
596 2945 807 2990 Limburgo
825 2945 864 2980 in
885 2943 1123 2979 meridiem.»
1140 2943 1597 2984 FERRARr-BAUDRAND‚
1617 2940 1728 2975 Lexi-

98 3016 169 3040 con
183 3004 499 3052 geograplzicum
511 3031 520 3040 .
