2101 3348
318 246 387 292 390
832 244 968 278 EPIST.
997 242 1042 277 Ρ.
1070 240 1342 285 NADAL-466

266 354 431 403 quatro
449 345 621 397 mastri,
642 345 672 386 li
691 344 807 389 senti
830 350 851 371 a
878 344 989 386 total
1006 342 1321 399 repugnantia,
1344 349 1388 384 et
1402 342 1422 368 ¹³
1439 341 1596 384 ardore
1614 346 1740 383 tanto
1763 354 1904 396 gran-

266 425 324 467 de
347 423 391 466 di
416 424 497 465 far'
518 436 621 464 cose
645 422 701 465 de
724 436 838 477 gran
856 420 1149 476 importanza,
1170 427 1215 464 et
1238 420 1378 462 molto
1401 404 1587 475 probato
1609 418 1666 461 da
1690 417 1811 469 tutti,
1833 416 1902 459 di—

265 500 411 544 cendo
434 501 518 541 che
541 498 753 553 vogliano
780 497 984 542 riuocare
1006 496 1142 541 etiam
1170 503 1289 539 sotto
1318 510 1433 552 pene
1465 502 1582 538 tutta
1609 495 1652 537 la
1681 493 1902 550 giouenti'i

268 575 525 620 franconica
554 577 638 617 che
676 573 826 617 studia
855 588 1067 630 appresso
1096 573 1300 627 heretici,
1327 573 1412 616 alla
1441 573 1574 627 quale
1602 570 1901 627 aspettatione

264 661 311 698 et
336 652 486 696 animo
517 667 608 695 non
633 652 669 694 si
699 653 788 708 puo
826 651 1077 707 risponder'
1109 666 1158 695 se
1190 665 1282 693 non
1312 650 1541 694 mettendo
1577 648 1718 691 molto
1755 647 1902 690 seletti

265 729 522 787 professori.
550 728 765 785 Supplico
792 729 836 771 la
860 730 912 772 P.
939 729 995 772 V.
1030 729 1244 784 prome-da,
1280 735 1325 772 et
1349 741 1488 783 penso
1518 725 1708 770 sarebbe
1736 723 1903 780 meglio

263 809 349 852 che
370 821 588 850 venesero
620 805 773 848 auanti
801 805 906 850 delli
928 805 1059 857 caldi,
1087 805 1210 848 accio
1242 806 1326 848 co'l
1357 811 1507 860 tempo
1536 809 1780 860 puotcsero
1815 815 1905 856 qua

262 897 502 941 preparare
519 883 729 938 positioni
751 883 808 927 de
830 882 1122 938 importanza‚
1149 889 1194 926 et
1217 881 1290 938 gia
1315 883 1398 925 che
1423 887 1583 936 questo
1608 894 1700 922 non
1730 879 1767 922 si
1788 893 1905 935 puo-

268 969 362 1004 tese
384 962 494 1014 fare,
520 960 724 1003 almarico
747 959 978 1016 venghino
1004 959 1192 1016 prouisti
1215 966 1260 1002 et
1283 957 1522 1015 preparati.
1550 959 1615 1001 La
1639 958 1691 1000 P.
1727 957 1784 999 V.
1812 956 1905 998 fara

266 1038 416 1094 quello
439 1039 524 1081 che
545 1036 575 1079 li
599 1039 755 1092 pai-era
776 1037 893 1081 nelle
916 1035 1202 1095 accettationi
1234 1037 1291 1080 de
1322 1035 1471 1092 questi
1502 1033 1698 1090 collegij3
1725 1047 1816 1075 non
1839 1033 1906 1075 la—

264 1114 410 1158 sciaro
427 1117 577 1156 tamen
591 1114 649 1157 dc
667 1113 982 1170 rapresentarli
999 1115 1084 1157 che
1102 1114 1138 1156 ε’
1158 1114 1351 1156 alchuna
1369 1112 1585 1155 difficolta
1603 1111 1633 1152 li
1651 1123 1902 1162 occorrese,

262 1194 350 1235 che
382 1206 473 1234 non
496 1190 642 1247 paresi
680 1191 934 1234 sufficiente
956 1205 982 1233 a
1013 1205 1102 1233 non
1141 1193 1344 1243 accttar’,
1371 1189 1532 1246 puotra
1565 1203 1652 1231 con
1684 1186 1905 1230 industria

262 1270 440 1313 mettcr'
471 1269 665 1312 alchunc
703 1269 858 1324 parole
895 1268 1013 1312 nella
1049 1282 1131 1311 sua
1163 1267 1451 1320 acettationc‚
1486 1267 1527 1309 16
1567 1266 1700 1321 quale
1728 1263 1903 1307 faccino

258 1348 347 1390 che
369 1346 517 1401 quello
541 1360 632 1387 non
655 1345 935 1401 impedischi3
957 1349 1088 1401 atque
1110 1346 1218 1388 adeo
1240 1334 1357 1389 nelle
1380 1359 1484 1388 cose
1508 1341 1767 1400 importanti
1786 1355 1901 1398 puo-

267 1423 350 1466 tria
375 1425 510 1466 esser’
553 1425 638 1466 che
675 1430 835 1478 questa
872 1424 1048 1467 cautela
1076 1423 1232 1467 haussi
1263 1423 1453 1478 qualche
1493 1423 1608 1464 loco.
1651 1421 1783 1464 Altro
1814 1433 1906 1461 non

263 1514 448 1542 occorre
470 1515 548 1556 per
580 1507 753 1554 questa.
780 1501 1010 1542 Dominus
1038 1502 1097 1543 sit
1126 1501 1371 1543 nobiscum.
1407 1500 1504 1543 Ora
1528 1504 1616 1555 pro
1645 1498 1785 1550 nobis,
1809 1498 1908 1539 Pa-

262 1580 347 1620 ter.
374 1579 443 1619 Da
483 1576 737 1632 Moguufia,
778 1577 851 1620 assi
890 1590 945 1620 20
968 1578 1024 1622 de
1061 1578 1258 1621 Febraro
1305 1578 1429 1631 1567.
1463 1578 1520 1619 D.
1566 1578 1617 1619 Ρ.
1662 1576 1720 1618 V.
1753 1587 1903 1625 seruo,

269 1668 328 1696 en
350 1654 451 1706 X.0‚

1354 1731 1382 1787 ἢ
1415 1732 1601 1774 NADAL.
1637 1730 1666 1787 †

351 1807 599 1862 Inscriptio
624 1808 669 1849 in
695 1811 846 1850 octava
863 1810 1067 1865 pagina:
1090 1810 1221 1866 Jhus.
1249 1808 1306 1851 A]
1332 1809 1470 1851 molto
1493 1808 1609 1850 Rdo.
1638 1807 1784 1850 Padre
1819 1820 1904 1848 no—

264 1891 361 1926 stro
385 1884 430 1926 in
455 1884 636 1927 Christo
659 1884 688 1926 il
713 1885 858 1928 Padre
881 1887 916 1928 F
919 1899 1134 1929 rancesco
1157 1886 1216 1929 (16
1238 1885 1421 1941 Borgia,
1443 1883 1670 1940 preposito
1690 1883 1905 1940 generale

269 1961 387 2004 della
417 1962 702 2017 Compagnia
731 1964 787 2005 dc
819 1964 945 2020 Jesfl,
987 1970 1074 2007 etc.
1118 1964 1274 2006 Roma.
1307 1963 1413 2005 Alia
1444 1977 1598 2004 manu:
1636 1961 1664 2020 ’1-
1695 1977 1737 2017 p.
1770 1975 1810 2004 6.
1840 1975 1899 2002 m.

271 2038 395 2092 1567.
423 2039 678 2094 Moguntia.
708 2041 760 2082 Ρ.
788 2041 938 2083 Natal.
974 2052 1029 2083 20
1051 2039 1096 2082 di
1118 2039 1279 2083 Febr.⁰
1303 2041 1356 2083 C.
1404 2040 1654 2096 Vestigium
1678 2038 1842 2095 sigilli.

1023 2152 1147 2191 45ss

583 2225 650 2266 P.
710 2225 1254 2269 HIERONYMUS
1316 2224 1593 2267 NADAL

677 2300 888 2338 SANCTO
914 2300 1215 2338 FRANCISCO
1234 2302 1303 2336 DE
1325 2300 1493 2347 BORJA

744 2374 970 2412 COLONIAE‚
987 2375 1031 2411 24
1046 2375 1288 2411 FEBRUARn,
1307 2366 1397 2411 1567
1416 2369 1440 2400 ¹.

264 2439 298 2464 I.
320 2430 527 2465 Permittit
543 2430 716 2471 Natalis,
734 2434 777 2465 ut
792 2433 869 2466 duo
888 2433 1110 2467 scholastici
1128 2433 1172 2467 in
1188 2432 1421 2467 Societatem
1436 2432 1723 2474 admittantur,
1739 2431 1836 2476 quin
1851 2430 1905 2464 lo-

309 2490 417 2536 gices
441 2501 601 2524 cursum
630 2491 1000 2526 intermittant.—2.
1030 2491 1239 2527 Coloniam
1266 2491 1544 2538 Agrippinam
1567 2491 1767 2538 pervenit:
1792 2490 1905 2525 colle-

305 2549 370 2596 gii
390 2549 528 2584 Sancti
553 2550 779 2584 Audomart
803 2551 1113 2597 instantia—3.
1134 2551 1194 2587 De
1218 2552 1460 2586 scholasticis
1481 2551 1688 2586 Societatis
1711 2549 1905 2597 approba-

312 2609 467 2652 tis—4.
493 2607 767 2643 consulendus
785 2609 946 2644 Natalis
964 2623 989 2645 a
1003 2610 1321 2656 provincialibus
1344 2611 1385 2645 in
1403 2611 1574 2657 negotiis
1583 2609 1904 2657 gravioribus.—

311 2677 351 2711 5.
384 2666 510 2702 Curat
536 2667 710 2709 Natalis,
738 2680 785 2703 ne
814 2669 1028 2715 collegium
1047 2671 1264 2705 trevirense
1289 2669 1468 2705 coenobio
1493 2670 1662 2705 Sanctae
1680 2668 1902 2711 Barbarae,

315 2727 441 2762 eidem
461 2739 628 2770 annexo,
656 2728 868 2773 spolietur.

327 2817 364 2847 1.
425 2806 554 2862 Jhus.
580 2805 719 2848 Molto
742 2806 854 2847 Rdo.
879 2806 1024 2850 Padre
1042 2814 1195 2849 nostro
1214 2807 1259 2849 in
1278 2807 1470 2851 Christo.
1495 2809 1590 2850 Pax
1609 2805 1795 2858 Christi,
1815 2811 1903 2849 etc.

336 2913 357 2933 a
372 2904 394 2940 3
413 2907 533 2940 verba
552 2917 665 2952 seqq.
686 2905 837 2941 addidit
856 2906 910 2941 N.
935 2918 1050 2952 supra
1069 2908 1242 2942 vers.—b
1259 2907 1443 2954 Sequitur
1462 2921 1513 2943 vn
1534 2907 1787 2943 obliteratum
1805 2918 1827 2941 a
1845 2905 1902 2941 N.

334 2995 345 3014 ¹
396 2996 453 3030 Ex
478 2996 704 3040 archetypo,
732 3006 753 3029 a
778 2994 955 3040 Jimenez
981 3002 1153 3040 exarato,
1174 3002 1213 3031 et
1232 2997 1381 3032 Natalis
1408 3009 1523 3032 manu
1555 3002 1730 3032 correcto
1750 3002 1789 3031 et
1813 2996 1904 3031 sub·

256 3053 417 3100 scripto,
439 3054 477 3089 in
499 3055 625 3102 Epist.
648 3054 811 3101 Natal.,
834 3054 882 3100 11,
901 3054 1046 3101 duplici
1071 3055 1152 3101 fol.,
1178 3055 1244 3099 173
1265 3056 1379 3102 (479).
