2101 3348
794 234 1014 269 APPENDIX
1598 231 1664 276 781

183 352 219 383 Ι.
286 337 576 394 Experientia
594 343 725 388 teste,
746 334 986 377 didicimus
1003 333 1263 376 huiusmodi
1280 333 1516 378 missiones
1534 333 1579 376 in
1596 334 1716 378 Ger-

85 398 252 450 mania,
278 398 384 442 licet
407 398 464 440 ad
485 410 654 452 paucos
676 395 811 438 etiam
842 408 1020 437 menses
1051 394 1176 445 fiant,
1209 393 1374 436 nostris
1405 393 1719 437 sacerdotibus

89 466 135 502 et
157 458 271 510 aliis,
297 457 374 512 qui
395 457 653 507 mittuntur,
679 454 953 510 periculosas
975 468 1090 505 esse,
1113 460 1160 494 vt
1176 467 1393 508 magnum
1412 452 1516 495 inde
1535 452 1719 508 capiant

91 517 274 574 spiritus
302 515 644 566 detrimentum,
677 512 937 569 praesertim
970 513 1026 554 ob
1058 526 1346 555 communem
1381 512 1499 554 illam
1533 526 1714 567 germa—

91 591 252 619 norum
275 575 321 617 in
350 573 578 617 communi
610 572 732 615 victu
765 572 1035 614 libertatem.
1070 573 1226 626 Itaque
1258 572 1388 614 valde
1421 572 1715 614 metuendum

91 636 288 687 videtur,
313 648 370 676 ne
392 633 515 676 missi
534 633 734 687 plerique
751 638 1026 683 nostrorum,
1046 629 1308 685 praesertim
1328 632 1384 672 ad
1402 630 1606 674 homines
1624 645 1715 672 non

91 695 352 746 catholicos,
378 692 447 735 sui
470 691 615 748 magis
638 691 855 733 iacturam
878 689 1060 742 faciant,
1088 704 1223 745 quam
1246 689 1343 732 aliis
1376 691 1566 733 afferant
1594 689 1715 731 Vtili-

94 762 245 797 tatem.

180 825 221 856 2.
289 814 465 854 Paucos
486 808 761 862 inuenimus,
786 808 862 862 qui
885 809 1013 851 dotes
1037 808 1092 850 ad
1114 809 1232 849 hanc
1261 806 1519 851 missionem
1554 822 1714 851 neces-

91 873 230 916 sarias
252 872 465 920 habeant,
491 875 651 923 vtpote
675 867 923 909 doctrinam
947 867 1168 910 eiusmodi
1191 866 1583 910 concionatoribus
1605 881 1716 910 con-

91 931 366 982 uenientem3
393 928 582 984 gratiam
606 934 652 969 et
674 927 988 969 dexteritatem
1017 926 1063 967 in
1094 927 1421 979 conuersando;
1457 926 1639 982 spiritus
1672 933 1717 968 et

91 1005 266 1034 morum
291 988 561 1046 grauitatem
581 986 652 1028 his
671 985 950 1040 temporibus
968 992 1013 1028 et
1030 985 1138 1027 locis
1157 993 1500 1041 congruentem3
1522 992 1567 1029 et
1584 1000 1716 1041 prae—

92 1058 230 1102 terea,
257 1063 371 1104 quae
401 1047 520 1103 apud
550 1060 792 1102 germanos
814 1045 1054 1100 plurimum
1088 1045 1222 1096 valet,
1259 1045 1498 1098 eloquendi
1530 1051 1575 1088 et
1605 1059 1714 1087 con-

93 1108 303 1153 cionandi
326 1115 527 1163 paratam
553 1106 827 1147 facultatem.
855 1105 1003 1155 Vnde,
1037 1103 1112 1158 qui
1145 1103 1395 1145 mediocres
1427 1119 1527 1147 esse
1554 1111 1716 1146 notan—

96 1179 167 1212 tur
194 1168 240 1210 in
268 1168 492 1222 catalogo,
523 1165 750 1220 plerisque
787 1163 833 1204 in
872 1163 998 1214 locis,
1034 1164 1090 1205 ad
1123 1178 1237 1218 quae
1269 1162 1522 1215 mittentur,
1558 1178 1717 1218 parum

93 1228 212 1285 grati
234 1235 278 1271 et
299 1227 430 1268 Vtiles
452 1225 547 1267 fore
568 1224 795 1266 videntur.

185 1301 226 1342 3.
291 1285 382 1342 Qui
406 1291 512 1327 sunt
544 1299 598 1327 ex
627 1282 696 1325 his
725 1280 854 1337 primi
877 1280 1045 1323 ordinis
1068 1287 1112 1324 et
1134 1279 1317 1335 reliquis
1349 1281 1715 1336 praestantiores,

93 1348 207 1391 adeo
229 1344 468 1388 necessarii
490 1343 702 1385 videntur
724 1341 768 1383 in
792 1340 1023 1396 prouincia
1046 1346 1091 1384 et
1114 1339 1332 1395 collegiis,
1360 1340 1403 1382 in
1428 1341 1590 1394 quibus
1607 1354 1719 1382 con—

92 1406 330 1449 cionantur
352 1411 428 1446 aut
452 1403 720 1458 profitentur
742 1399 979 1451 ordinarie,
1006 1407 1053 1441 vt
1076 1399 1160 1441 illis
1184 1399 1318 1442 etiam
1343 1401 1398 1440 acl
1427 1401 1567 1443 breue
1600 1407 1712 1442 tem-

91 1481 177 1521 pus
214 1479 382 1515 carere,
423 1477 638 1513 magnum
677 1467 722 1503 et
759 1460 989 1515 publicum
1027 1458 1347 1502 detrimentum
1381 1459 1516 1500 rebus
1549 1458 1717 1501 nostris

93 1527 263 1568 afferat.
290 1525 385 1566 Nec
408 1523 484 1564 fiet
507 1522 632 1572 illud,
664 1527 712 1561 vt
742 1519 967 1571 timemus,
999 1518 1096 1560 sine
1125 1525 1417 1573 patronorum
1447 1517 1714 1571 offensione,

92 1584 169 1640 qui
191 1583 320 1626 facile
341 1581 471 1624 nobis
499 1579 727 1631 obiicient,
761 1594 809 1622 se
838 1593 928 1620 non
960 1577 1108 1619 minus
1146 1577 1189 1618 in
1222 1577 1292 1619 his
1324 1577 1417 1619 suis
1450 1577 1710 1628 ditionibus,

92 1658 225 1698 quam
249 1642 358 1684 alios
380 1641 426 1682 in
449 1640 547 1683 aliis
570 1637 830 1695 prouinciis,
856 1637 1059 1678 laborare
1076 1636 1265 1691 penuria
1283 1636 1651 1679 concionatorum
1669 1644 1716 1678 et

93 1704 414 1759 professorum.
449 1702 540 1742 lmo
568 1697 788 1756 eiusmodi
817 1696 992 1751 patroni
1022 1698 1105 1737 hac
1136 1695 1371 1738 occasione
1400 1696 1576 1748 irritati,
1609 1710 1712 1751 per-

93 1769 204 1817 gent
228 1760 387 1815 magis,
413 1766 461 1800 vt
485 1764 748 1813 coeperunt,
774 1771 952 1811 vrgere,
978 1762 1026 1796 vt
1048 1756 1207 1797 demus
1230 1754 1336 1809 ipsis
1359 1754 1507 1797 varios
1530 1754 1714 1797 concio-

93 1829 272 1864 natores
294 1821 349 1861 ad
372 1834 464 1862 rem
488 1817 752 1860 catholicam
777 1816 821 1857 in
849 1815 942 1857 suis
975 1814 1242 1868 quibusdam
1278 1814 1484 1869 collapsis
1513 1813 1715 1858 ecclesiis

93 1880 433 1924 restituendam.

162 1953 224 1992 -4,
292 1936 579 1993 Experientia
601 1936 736 1978 docet
759 1933 833 1975 vix
856 1934 993 1974 vllum
1017 1931 1239 1973 nouitium
1263 1947 1317 1974 ex
1341 1932 1569 1985 germanis
1592 1932 1716 1974 adul⁶

94 1999 150 2041 tis
172 1999 218 2041 in
240 1998 309 2040 his
331 1996 440 2039 locis
463 1996 519 2039 ad
542 2002 744 2037 nostrum
768 1993 983 2034 accedere
1011 1991 1282 2033 institutum.
1318 1992 1464 2043 Vnde,
1497 2007 1586 2034 non
1619 1991 1718 2034 sine

91 2058 269 2114 magnis
291 2055 561 2111 sumptibus,
588 2053 767 2096 aliunde
790 2051 995 2107 cogimur
1018 2058 1171 2105 petere
1194 2057 1239 2092 et
1261 2049 1465 2105 accipere
1489 2052 1716 2105 professo-

93 2133 178 2169 res,
205 2116 280 2171 qui
304 2117 451 2158 adhuc
473 2113 582 2156 satis
605 2127 704 2156 esse
728 2126 815 2153 non
841 2117 1043 2165 possunt:
1071 2123 1219 2164 eoque
1240 2109 1466 2151 difficilius
1484 2110 1567 2153 erit
1584 2110 1715 2152 inue-

90 2177 203 2227 nire,
229 2190 342 2231 quos
365 2173 691 2216 substituamus
715 2170 987 2213 abeuntibus
1010 2169 1237 2220 PatribuS,
1259 2168 1336 2223 qui
1353 2170 1647 2224 plaerumque
1670 2169 1715 2211 in

91 2235 255 2278 scholis
278 2233 442 2276 nostris
465 2233 594 2274 valde
617 2237 723 2273 sunt
745 2228 966 2284 occupati.

184 2306 223 2349 5.
289 2293 383 2336 Etsi
407 2293 647 2348 probamus
675 2289 791 2344 piam
824 2288 892 2330 Pii
922 2286 1145 2343 pontificis
1178 2294 1391 2338 mentem,
1428 2286 1504 2341 qui
1537 2294 1718 2329 nostros

92 2354 154 2396 ita
176 2353 300 2408 cupit
322 2353 367 2394 in
390 2366 580 2395 messem
604 2348 906 2405 germanicam
932 2348 1186 2398 extrudere;
1209 2354 1357 2389 tamen
1381 2346 1640 2388 dubitamus
1658 2362 1715 2388 an

93 2415 262 2456 Romae
285 2412 391 2455 satis
413 2410 640 2466 cognitam
663 2409 859 2450 habeant
877 2406 1150 2449 Germaniae
1168 2406 1558 2457 consuetudinem,
1582 2421 1715 2461 quam

93 2488 176 2515 nos
207 2472 251 2514 in
280 2472 375 2515 dies
405 2468 674 2525 experimur.
707 2469 816 2518 Nos,
853 2466 979 2508 saluo
1012 2480 1188 2520 semper
1220 2465 1501 2508 obedientiae
1535 2472 1720 2508 sanctae

92 2532 322 2576 mandato,
347 2530 457 2572 illud
480 2530 574 2572 fore
596 2527 904 2583 prouidemus,
931 2533 979 2566 vt
1001 2524 1124 2567 missi
1147 2540 1171 2567 e
1198 2525 1364 2567 nostris
1393 2525 1573 2579 quidam
1604 2538 1717 2566 con-

95 2591 362 2640 cionatores,
388 2588 540 2630 multis
562 2587 696 2630 etiam
720 2585 952 2629 mensibus
974 2585 1107 2626 fidem
1132 2591 1151 2610 a
1178 2590 1223 2626 et
1247 2584 1565 2626 authoritatem
1596 2584 1715 2638 apud

92 2651 327 2705 populum,
347 2649 476 2691 valde
494 2661 615 2689 nunc
638 2645 899 2688 seditiosum
924 2652 968 2685 et
986 2644 1276 2698 plaerumque
1295 2643 1459 2685 nostris
1482 2643 1713 2694 infestum,

94 2709 177 2751 sibi
200 2717 243 2751 et
267 2708 497 2750 doctrinae
526 2705 774 2749 catholicae
802 2703 1040 2746 conciliare
1069 2717 1159 2744 non
1192 2702 1378 2756 possint.
1417 2702 1593 2745 Deinde
1626 2716 1716 2743 non

93 2768 272 2811 dabitur
293 2767 378 2809 illis
401 2764 696 2808 concionandi
720 2765 846 2806 locus
869 2770 914 2805 et
937 2770 1129 2817 tempus,
1156 2761 1240 2803 nisi
1266 2761 1390 2804 festis
1414 2769 1587 2802 tantum
1617 2760 1714 2802 die-

91 2828 177 2870 bus
199 2827 244 2868 in
267 2825 472 2869 ecclesia.
501 2826 567 2878 3.⁰
590 2823 895 2878 Impedientur
918 2828 1181 2876 magnatum
1205 2820 1492 2871 authoritate,
1520 2819 1594 2874 qui
1614 2834 1715 2873 pas—

89 2886 173 2929 sim
197 2887 362 2942 populo
386 2884 649 2939 religionem
673 2889 907 2936 vtramque
930 2881 1115 2923 liberam
1141 2879 1415 2934 relinquunt,
1449 2892 1538 2934 quo
1566 2878 1719 2920 minus

163 3031 182 3050 a
221 3021 404 3068 Sequitur
421 3021 496 3056 sibi
514 3020 562 3055 ab
579 3020 663 3066 ipso
680 3018 937 3063 Theoderico,
956 3021 999 3051 ut
1017 3015 1185 3060 videtur,
1207 3015 1468 3050 obliteratum.
