2101 3348
301 236 376 280 804
881 233 1020 268 EPIST.
1050 232 1094 268 P.
1123 232 1274 268 NADAL

1033 389 1116 431 LX

717 477 747 512 P
757 504 766 513 .
799 476 1130 514 FRANCISCUS
1158 475 1432 514 COSTERUS

619 569 834 600 SANCTo
884 569 1196 600 FRANCISCO
1244 569 1312 599 DE
1359 568 1533 609 BORJA

686 645 913 697 Gandavi,
936 659 991 699 30
1009 645 1280 690 Novembris
1303 646 1413 699 1567
1435 646 1465 689 ¹.

498 733 559 769 De
578 733 756 781 collegiis
774 734 1076 779 audomarensi,
1095 734 1364 769 cameracensi
1381 736 1418 769 et
1435 734 1643 769 duacensi.

343 812 486 855 Rdus.
515 813 569 855 Ρ.
595 810 774 854 Natalis
796 812 883 853 hoc
906 826 1063 855 mense
1083 810 1288 854 visitauit
1305 810 1548 866 collegium
1566 811 1711 853 sancti
1729 812 1892 855 Audo-

252 871 382 924 mari,
408 871 454 913 in
477 885 583 926 quo.
609 870 775 913 auditis
798 870 1161 914 confessionibus
1191 871 1396 922 fratrum,
1432 870 1577 925 iisque
1604 870 1888 923 examinatis,

253 938 361 974 vota
398 945 555 974 eorum
593 929 771 985 excepit
808 930 854 972 in
893 932 1010 974 testo
1043 930 1245 973 omnium
1278 937 1556 974 sanctorum.
1592 931 1758 974 Postea
1787 945 1893 973 cum

253 990 467 1047 episcopo
491 990 585 1046 egit
607 991 662 1032 de
685 989 821 1031 rebus
844 989 985 1033 nostri
1008 989 1206 1046 collegii,
1232 995 1277 1032 et
1300 989 1418 1033 inter
1447 996 1627 1033 caetera
1655 990 1712 1033 de
1741 989 1893 1033 censi-

256 1052 358 1103 bus,
385 1064 498 1105 quos
521 1049 651 1092 nobis
673 1055 845 1092 emerat
868 1051 1044 1101 Rmus.,
1070 1049 1376 1102 mortizandis3
1403 1050 1460 1092 de
1482 1048 1648 1103 quibus
1671 1063 1775 1092 cum
1803 1050 1891 1092 du-

256 1110 422 1153 bitaret
450 1110 502 1151 P.
535 1107 709 1152 Natalis
736 1123 794 1151 an
821 1108 939 1150 firmi
977 1116 1144 1161 essent,
1176 1108 1287 1151 citra
1315 1108 1677 1152 mortizationem
1707 1125 1732 1152 a
1760 1123 1888 1165 rege,

257 1168 489 1225 respondit
518 1168 756 1224 episcopus
785 1167 1066 1211 firmissimos
1094 1182 1210 1220 esse,
1241 1182 1327 1211 nec
1361 1182 1516 1222 regem
1549 1167 1595 1210 in
1628 1168 1726 1210 illos
1759 1168 1888 1223 quic·

256 1243 393 1284 quam
425 1227 535 1270 iuris
563 1229 787 1271 habere...
812 1229 883 1270 De
910 1227 1256 1271 confirmatione
1284 1242 1364 1283 per
1394 1228 1563 1270 bullam
1596 1228 1888 1283 apostolicam

258 1287 539 1331 fundationis
575 1295 620 1331 et
658 1286 901 1329 dotationis
939 1287 1121 1343 collegii
1159 1287 1271 1329 dixit
1307 1287 1426 1330 idem
1457 1289 1615 1331 Rmus.
1650 1286 1760 1329 nihil
1788 1302 1890 1331 esse

258 1348 381 1403 quod
405 1347 544 1390 simus
567 1346 798 1390 solliciti...
826 1347 882 1389 de
903 1345 974 1389 his
996 1346 1203 1389 existimo
1226 1346 1360 1389 latius
1383 1347 1655 1402 scripturum
1674 1348 1727 1391 P.
1747 1349 1890 1391 Nata-

257 1408 362 1459 lem,
389 1406 507 1449 sicut
530 1421 578 1450 se
601 1408 825 1449 facturum
849 1406 1033 1461 recepit.
1061 1407 1205 1450 Multa
1227 1406 1456 1462 praeclare
1479 1406 1705 1448 ordinauit
1728 1406 1773 1448 in
1802 1407 1891 1449 hoc

257 1466 452 1523 collegio
475 1465 792 1509 audomarensi
815 1467 868 1510 P.
893 1465 1083 1518 Natalis3
1111 1466 1190 1509 sed
1218 1465 1265 1508 in
1294 1480 1383 1508 vno
1416 1464 1546 1509 nobis
1578 1465 1891 1509 difficultatem

257 1541 470 1582 magnam
495 1525 690 1580 reliquit,
717 1526 838 1580 quod
856 1525 1051 1569 noluerit
1068 1532 1117 1567 vt
1134 1526 1223 1568 vlla
1240 1525 1376 1568 ianua
1395 1540 1450 1568 ex
1468 1525 1660 1581 collegio
1678 1527 1735 1568 ad
1752 1527 1893 1569 scho—

256 1586 324 1629 las
346 1592 538 1641 pateret,
564 1585 640 1628 sed
666 1584 808 1627 voluit
829 1591 878 1626 vt
902 1592 992 1627 tam
1014 1584 1273 1628 scholastici
1303 1600 1437 1640 quam
1467 1591 1785 1640 praeceptores
1812 1600 1892 1641 per

257 1646 451 1701 plateam
476 1644 700 1700 publicam
724 1645 781 1686 ad
803 1645 1003 1686 scholam
1027 1645 1372 1700 egrederentur,
1405 1658 1508 1686 cum
1540 1651 1691 1687 tamen
1723 1659 1890 1700 magna

257 1704 316 1747 sit
338 1703 633 1748 commoditas
656 1703 843 1759 parandi
861 1703 1118 1759 ingressum
1136 1703 1181 1746 in
1200 1711 1354 1746 nostro
1373 1703 1566 1760 collegio
1583 1704 1682 1747 sine
1705 1711 1891 1748 externa

255 1766 343 1807 hac
366 1763 674 1807 distractione.
701 1763 845 1815 Ratio,
872 1777 988 1818 quae
1012 1779 1115 1807 eum
1144 1764 1356 1807 mouebat
1378 1765 1490 1807 haec
1514 1770 1598 1815 est,
1624 1764 1746 1817 quod
1770 1763 1891 1806 dicat

256 1839 306 1867 se
329 1823 375 1865 in
398 1823 494 1866 aliis
523 1822 722 1874 collegiis
751 1822 1105 1878 deprehendisse
1133 1837 1300 1878 magna
1332 1822 1613 1878 negligentia
1647 1830 1888 1866 transeun-

256 1882 369 1925 tium
392 1890 437 1925 et
460 1882 675 1929 ianitoris,
703 1882 816 1925 ostia
838 1882 1101 1925 huiusmodi
1123 1889 1342 1938 perpetuo
1365 1889 1518 1937 aperta
1541 1881 1749 1936 relinqui.
1776 1884 1887 1926 Pre-

256 1956 335 1985 cor
358 1949 407 1984 vt
430 1944 483 1985 T.
517 1943 570 1986 P.
602 1941 842 1984 nobiscum
871 1941 918 1983 in
946 1943 1032 1984 hac
1060 1955 1108 1984 re
1140 1941 1427 1997 dispenset...
1468 1942 1694 1984 Absoluta
1730 1941 1888 1984 visita-

257 2001 383 2044 tione
406 2001 736 2053 audomarensi,
762 2001 969 2045 venimus
998 2002 1295 2045 Cameracum
1325 2002 1395 2055 7.a
1424 2001 1560 2043 huius
1592 2001 1776 2053 mensis,
1811 2001 1889 2043 vbi

260 2075 364 2103 curn
388 2061 600 2116 episcopo
626 2060 775 2115 coepit
797 2076 935 2116 agere
958 2061 1011 2105 P.
1043 2061 1233 2113 Natalis,
1267 2075 1382 2115 quae
1415 2060 1471 2102 ad
1504 2060 1747 2116 collegium
1781 2060 1892 2103 illud

260 2120 507 2176 pertinent.
534 2122 648 2163 Nam
673 2134 776 2162 cum
800 2120 1040 2176 episcopus
1063 2127 1300 2176 quaereret
1328 2135 1417 2175 qua
1444 2119 1619 2163 ratione
1649 2134 1731 2163 nos
1754 2120 1892 2163 semi—

258 2179 373 2223 narii
397 2194 549 2222 curam
574 2179 804 2235 suscipere
826 2180 1061 2231 vellemus,
1088 2179 1296 2235 exposuit
1318 2179 1381 2221 illi
1404 2179 1661 2222 institutum
1686 2179 1892 2223 Societa-

259 2238 317 2282 tis
340 2246 385 2283 et
407 2239 639 2282 decretum
670 2239 1059 2295 congregationis.
1091 2240 1274 2294 Iamque
1301 2239 1570 2283 dicebantur
1598 2238 1779 2282 venturi
1807 2239 1890 2282 ali-

260 2297 337 2354 qui
361 2298 563 2353 praelati,
596 2297 671 2351 qui
701 2300 757 2342 de
785 2298 872 2341 isto
900 2298 1085 2354 negotio
1115 2306 1376 2351 tractarent,
1411 2298 1524 2340 nihil
1558 2305 1709 2341 tamen
1739 2299 1890 2342 adhuc

256 2359 511 2413 perfectum
535 2364 618 2408 est,
641 2357 845 2412 proinde,
871 2372 1185 2412 quaecumque
1207 2365 1307 2400 acta
1330 2357 1513 2409 fuerint,
1539 2357 1780 2413 diligenter
1801 2372 1887 2400 suo

256 2424 460 2472 tempore
483 2418 536 2460 P.
562 2418 619 2460 V.
645 2417 857 2461 scribam.
883 2419 932 2460 In
953 2419 1038 2459 hoc
1063 2416 1367 2461 cameracensi
1391 2416 1583 2472 collegio
1606 2431 1762 2460 omnes
1784 2432 1886 2460 cor--

257 2491 366 2532 pore
389 2483 434 2518 et
457 2475 616 2531 spiritu
646 2476 730 2517 Dei
752 2477 896 2531 gratia
919 2477 1035 2520 bene
1058 2477 1227 2520 valent.
1253 2476 1504 2518 Examinati
1528 2483 1634 2519 sunt
1656 2491 1813 2519 omnes
1840 2483 1885 2519 et

257 2550 341 2591 pro
365 2550 491 2578 more
515 2536 750 2587 generales
773 2535 1082 2579 confessiones
1106 2536 1455 2579 instituerunt...
1488 2536 1657 2579 Statuit
1685 2535 1746 2577 ibi
1775 2538 1885 2578 hae-

258 2609 357 2638 rere
381 2595 433 2638 P.
460 2593 633 2637 Natalis
656 2595 800 2636 donec
825 2594 1039 2637 transitus
1062 2595 1105 2636 in
1130 2595 1322 2638 Galliam
1346 2594 1429 2650 ipsi
1453 2602 1643 2649 pateret.

348 2653 544 2696 Profecti
569 2653 674 2696 inde
703 2667 860 2695 sumus
890 2654 1225 2708 Aquecinctum
1254 2655 1311 2696 ad
1338 2655 1625 2696 salutandum
1658 2655 1886 2707 abbatem,

259 2712 337 2768 qui
359 2712 597 2755 nobiscum
623 2712 717 2767 egit
739 2713 796 2756 de
819 2712 1010 2766 collegio
1028 2728 1053 2755 a
1070 2728 1118 2756 se
1136 2713 1265 2755 nobis
1283 2713 1563 2755 instituendo
1580 2712 1741 2757 Duaci.
1763 2715 1890 2755 Haec

257 2787 330 2815 res
355 2772 484 2827 plene
507 2772 713 2814 confecta
737 2786 826 2813 non
851 2778 946 2815 erat
970 2787 1039 2814 me
1065 2780 1314 2826 praesente,
1342 2774 1421 2814 sed
1444 2788 1517 2815 me
1541 2774 1758 2827 profecto,
1790 2772 1891 2814 dili—

257 2831 443 2885 gentius
465 2838 533 2874 est
558 2838 762 2873 tractata.
789 2832 903 2873 Nam
929 2838 1168 2886 postquam
1195 2845 1298 2873 cum
1325 2833 1376 2874 P.
1402 2831 1551 2875 Natali
1576 2839 1796 2885 quantum
1818 2846 1892 2874 sa—

258 2891 315 2933 tis
354 2906 453 2934 esse
482 2890 712 2932 iudicabat
742 2889 1022 2942 mansissem,
1054 2904 1215 2944 passus
1244 2897 1312 2933 est
1345 2906 1417 2933 me
1446 2891 1669 2946 proficisci
1704 2892 1893 2934 Ganda-

325 3025 333 3044 ¹
386 3026 443 3060 Ex
463 3027 717 3071 autographo,
738 3026 776 3060 in
799 3025 892 3061 Cod.
915 3035 965 3070 29
980 3025 1043 3072 g),
1064 3024 1151 3069 343.
1175 3025 1274 3060 Vide
1294 3037 1387 3072 pag.
1412 3015 1497 3070 598.
