2141 3358
344 218 414 246 v111
771 207 1028 241 PROOEMIUM
1056 210 1197 237 TERTn
1223 208 1452 237 VOLUMmis

302 311 480 355 maniae
503 309 732 365 regiones,
759 307 864 349 hinc
887 307 943 349 ab
968 304 1200 348 haeretica
1222 303 1339 355 labe,
1367 302 1473 345 inde
1491 316 1516 344 a
1536 308 1766 343 turcarum
1787 298 1940 341 incur-

298 395 449 447 sibus,
496 393 751 442 divexatas,
798 389 953 432 oculos
997 394 1267 431 convertere
1286 420 1294 438 ,
1342 392 1391 428 ut
1435 380 1648 440 religioni
1686 381 1938 425 catholicae

298 478 491 521 maxime
530 473 802 531 periclitanti
841 487 974 528 opem
1008 469 1420 527 praesentissimam
1455 470 1651 511 afferret.
1689 468 1938 522 Imperator

299 559 631 604 Maximilianus
655 558 707 608 II,
735 563 784 598 ut
807 555 892 597 sibi
915 569 995 610 pro
1018 554 1137 597 bello
1160 559 1318 596 contra
1342 559 1498 594 turcas
1521 550 1723 593 subsidia
1746 562 1934 604 compa-

299 650 432 694 raret,
460 647 736 684 conventum
761 640 1004 693 Augustae
1027 635 1367 679 Vindelicorum
1386 634 1603 684 edixerat,
1625 632 1670 674 in
1689 646 1779 687 quo
1799 630 1936 675 etiam

299 727 354 770 de
378 724 610 780 religionis
634 722 831 779 negotiis
849 720 1117 776 agitandum
1137 718 1306 774 passim
1326 718 1444 760 fama
1462 717 1781 773 spargebatur.
1803 715 1939 759 Sum-

302 823 399 850 mus
423 806 643 863 pontifex,
673 813 722 848 ut
746 805 919 846 nullum
952 818 1033 859 pro
1063 801 1286 844 catholica
1316 801 1405 844 fide
1437 801 1606 844 tuenda
1639 798 1834 854 lapidem
1854 812 1944 839 non

301 897 518 942 moveret,
548 888 766 932 «consilio
790 895 834 931 et
855 886 1021 930 auxilio
1041 884 1282 930 Societatis
1301 899 1349 927 se
1370 885 1487 927 velle
1508 883 1597 926 uti»
1621 888 1782 925 sancto
1801 882 1946 923 Fran-

302 974 422 1017 cisco
448 972 642 1029 Borgiae
665 969 939 1027 significavit
962 969 1018 1026 (3)
1049 970 1072 1011 ¹.
1101 969 1218 1011 Cum
1242 967 1362 1012 enim
1391 981 1496 1010 eum
1527 964 1699 1022 Borgia
1733 962 1944 1006 «adiisset

304 1065 349 1102 et
372 1055 691 1107 obedientiam,
717 1068 799 1097 suo
823 1060 867 1098 et
891 1052 1029 1095 totius
1054 1051 1297 1097 Societatis
1320 1050 1517 1102 nomine,
1544 1049 1666 1092 circa
1684 1046 1939 1097 missiones,

306 1155 387 1197 pro
411 1138 605 1182 instituti
628 1137 769 1180 nostri
794 1136 985 1189 ratione,
1019 1135 1274 1187 obtulisset,
1308 1133 1585 1177 commoveri
1611 1132 1708 1175 visa
1739 1138 1847 1174 sunt
1875 1130 1946 1172 vi—

307 1238 435 1267 scera
458 1222 623 1266 summi
647 1221 892 1278 pontificis,
919 1227 964 1263 et
988 1226 1249 1276 pergratam
1274 1233 1373 1263 eam
1402 1217 1679 1261 oblationem
1710 1214 1795 1258 sibi
1826 1228 1946 1257 acci—

308 1308 416 1351 dere
439 1305 733 1363 significauit;
768 1319 820 1348 ac
850 1304 895 1346 in
926 1302 1220 1348 Germaniam
1259 1302 1316 1346 ad
1337 1301 1522 1346 *dietam
1559 1299 1735 1356 imperii
1773 1298 1950 1352 aliquos

312 1391 433 1433 viros
456 1391 664 1441 selectos,
692 1395 736 1431 et
759 1388 805 1430 in
830 1387 938 1431 alias
962 1385 1236 1431 Germaniae
1259 1393 1411 1442 partes
1434 1385 1545 1428 alios
1577 1383 1823 1427 mittendos
1853 1394 1953 1424 esse

311 1473 506 1524 censuit,
534 1480 579 1516 et
603 1472 892 1527 cathalogum
916 1470 1002 1514 sibi
1024 1470 1123 1513 dari
1146 1469 1275 1526 petiit
1298 1484 1472 1522 eorum,
1499 1467 1577 1525 qui
1606 1468 1661 1510 ad
1692 1464 1956 1521 hujusmodi

314 1557 550 1600 missiones
574 1555 722 1600 idonei
745 1555 1053 1599 viderentur».
1083 1553 1222 1598 Dedit
1240 1553 1280 1598 ei
1299 1554 1561 1609 catalogum
1581 1550 1750 1607 Borgia
1768 1548 1957 1605 triginta

317 1642 409 1683 fere
433 1639 756 1695 operariorum3
783 1645 828 1682 et
852 1652 908 1680 ex
930 1637 983 1681 iis
1003 1637 1313 1693 Hieronymus
1330 1635 1505 1679 Natalis
1526 1642 1572 1678 et
1588 1634 1789 1692 Jacobus
1809 1631 1958 1675 Lede-

317 1739 412 1767 sma
434 1722 589 1767 selecti
607 1729 729 1775 sunt,
752 1722 827 1777 qui
851 1720 1101 1765 conventui
1125 1727 1384 1777 augustano
1408 1719 1681 1763 interessent
1699 1717 1758 1774 (3,
1780 1729 1824 1770 4,
1851 1725 1969 1770 753,-

319 1808 434 1864 754).
463 1807 591 1850 Alios
613 1807 659 1850 in
682 1807 790 1850 alias
813 1813 964 1862 partes
987 1805 1233 1848 mittendos
1256 1803 1434 1848 curavit
1457 1802 1663 1859 pontifex
1687 1800 1811 1859 (3,4).

410 1890 574 1941 Natali,
602 1904 707 1932 cum
731 1890 953 1934 Ledesma
970 1889 1015 1932 in
1034 1888 1332 1933 Germaniam
1350 1885 1674 1944 proficiscenti,
1695 1882 1961 1927 instructio—

322 1988 403 2018 nes
427 1973 595 2028 Borgia
619 1973 755 2015 tradit
778 1972 1002 2028 sapientia
1024 1979 1070 2015 et
1093 1971 1336 2028 prudentia
1359 1971 1534 2027 plenas,
1562 1976 1659 2011 tum
1689 1968 1746 2011 ad
1774 1965 1964 2023 pontifi-

322 2058 388 2101 cis
411 2058 622 2100 mandata
652 2071 787 2111 quam
817 2056 1157 2100 accuratissime
1186 2055 1455 2111 exequenda
1484 2053 1615 2111 (3-5),
1648 2034 1744 2094 tum
1775 2051 1831 2094 ad
1860 2064 1966 2106 pro-

325 2140 577 2183 vinciarum
602 2139 891 2193 Germaniae,
924 2139 1141 2183 Austriae
1170 2146 1215 2184 et
1246 2138 1395 2182 Rheni
1422 2136 1737 2180 lustrationem
1771 2134 1967 2176 maximo

326 2224 525 2280 ipsarum
551 2223 701 2265 fructu
724 2230 768 2267 et
791 2231 1015 2279 proventu
1038 2222 1359 2279 perficiendam
1392 2220 1520 2278 (5-9).
1558 2221 1621 2264 Ut
1650 2225 1803 2262 autem
1835 2215 1962 2268 nihil,

327 2307 449 2363 quod
482 2306 538 2348 ad
573 2305 748 2348 felicem
781 2306 951 2349 exitum
980 2313 1235 2350 conventus
1265 2303 1511 2361 augustani
1549 2304 1758 2347 conferre
1791 2307 1962 2357 posset,

330 2388 778 2446 praetermitteretur,
805 2390 986 2433 duobus
1005 2389 1208 2446 hispanis
1227 2392 1397 2434 Beatus
1416 2390 1582 2432 Petrus
1600 2384 1828 2438 Canisius,
1849 2399 1965 2440 pon-

331 2472 464 2515 tificis
488 2472 637 2527 jussu,
670 2472 912 2527 adjunctus
945 2473 1046 2525 fuit,
1082 2474 1214 2529 cujus
1247 2487 1445 2529 operam,
1482 2485 1586 2514 cum
1620 2467 1775 2525 primis
1808 2467 1965 2511 utilem

331 2554 580 2598 catholicae
604 2555 827 2611 religioni,
854 2556 1042 2600 summis
1064 2557 1275 2600 laudibus
1298 2555 1545 2600 extollebat
1562 2551 1802 2597 cardinalis
1820 2552 1969 2594 Amu—

333 2638 435 2691 lius,
462 2638 679 2681 cardinali
703 2639 1046 2683 Commendono
1069 2640 1273 2684 scribens
1297 2639 1432 2697 (753).

424 2721 621 2766 Maxima
645 2736 794 2766 rerum
819 2724 1060 2778 Augustae
1084 2725 1390 2781 gerendarum
1413 2722 1656 2765 difficultas
1679 2719 1724 2762 in
1747 2732 1802 2763 eo
1819 2733 1973 2761 versa-

409 2864 417 2883 ¹
469 2865 524 2900 Ut
542 2875 604 2899 res
623 2863 661 2898 in
686 2865 758 2899 hoe
785 2866 983 2910 prooemio
1008 2866 1201 2902 indicatae
1232 2865 1385 2901 facilius
1411 2863 1579 2900 inveniri
1609 2860 1776 2909 possint,
1807 2860 1975 2906 singulis

335 2922 416 2958 fere
447 2922 699 2970 paragraphis
724 2934 906 2959 numeros
932 2925 1085 2961 uncinis
1109 2926 1281 2961 inclusos
1312 2923 1558 2970 subjicimus,
1589 2921 1656 2969 qui
1686 2919 1848 2967 paginas
1877 2919 1973 2954 indi-

330 2987 438 3024 cant,
458 2982 526 3018 ubi
545 2983 699 3028 singula
717 2988 948 3028 argumenta
967 2989 1197 3021 tractantur.
