2101 3348
428 253 499 299 703
858 254 995 289 EPIST.
1023 252 1068 287 P.
1097 251 1369 298 NADAL—590
1395 260 1449 288 ET
1475 260 1541 297 591

1139 425 1265 466 590

802 511 845 545 Ρ.
865 510 1186 546 EVERARDUS
1205 509 1586 545 MERCURIANUS

711 589 921 632 PATRI
962 588 1390 632 HIERONYMO
1430 571 1673 631 NADAL

898 685 1058 723 ROMAE,
1077 686 1122 722 29
1139 685 1333 719 JANUARII
1353 677 1443 721 1576
1462 676 1487 711 ¹.

374 754 563 791 Natalem
592 756 779 790 animum
813 753 1002 800 adjecisse
1032 755 1086 789 ad
1111 755 1418 800 procurandam
1447 755 1678 801 imaginum
1709 755 2018 802 impressionem

1112 814 1279 860 gaudet.

466 900 681 955 Magnam
720 913 775 942 ex
812 899 866 941 R.
904 899 958 940 T.
995 897 1136 941 literis
1165 897 1322 953 accepi
1343 897 1389 939 in
1418 897 1614 940 Domino
1636 897 2009 950 consolationem,

377 983 472 1019 tum
495 982 680 1032 propter
703 977 756 1018 R.
801 976 849 1017 T.
892 973 1218 1026 ualetudinem,
1255 988 1390 1029 quam
1419 974 1575 1016 scribit
1611 975 1746 1030 paulo
1769 974 2013 1019 firmiorem

376 1068 476 1097 esse
515 1067 649 1109 quam
692 1066 812 1095 anno
840 1051 1088 1107 superiore,
1118 1050 1228 1093 item
1258 1058 1440 1107 propter
1474 1051 1619 1094 Patris
1648 1051 1818 1094 Rotarii
1840 1066 2011 1095 conua-

376 1130 656 1182 lescentiam,
684 1138 779 1172 tum
802 1129 953 1181 etiam,
973 1128 1079 1184 quia
1096 1128 1230 1172 uideo
1253 1144 1351 1173 eam
1374 1129 1572 1172 animum
1591 1129 1808 1172 adiecisse
1830 1130 1886 1172 ad
1903 1144 2022 1185 pro-⁷

377 1208 623 1266 curandam
656 1207 833 1249 illarum
865 1206 1116 1262 imaginum
1139 1205 1497 1261 impressionem,
1523 1206 1660 1261 idque
1681 1221 1771 1249 non
1796 1213 1885 1250 tam
1903 1222 2008 1263 pro*

376 1292 475 1340 pter
491 1283 828 1327 inclinationem
839 1283 1034 1338 aliquam
1052 1298 1196 1334 suam,
1219 1298 1354 1338 quam
1370 1283 1522 1339 potius
1539 1283 1694 1326 scribit
1710 1283 1756 1325 in
1773 1298 1822 1326 se
1839 1284 2007 1326 nullam

376 1375 491 1413 esse,
518 1376 652 1417 quam
675 1368 857 1416 propter
880 1359 1095 1403 maiorem
1124 1360 1209 1403 Dei
1232 1360 1437 1417 gloriam,
1464 1361 1519 1403 ad
1543 1375 1676 1416 quam
1706 1376 1758 1404 ea
1786 1375 1856 1403 res
1879 1360 2005 1403 uide-

376 1446 449 1481 tur
471 1439 798 1482 redundatura.
823 1439 980 1492 Itaque
1003 1437 1173 1493 gratias
1196 1452 1283 1494 ago
1306 1437 1502 1480 Domino
1523 1439 1637 1489 Deo,
1659 1439 1780 1492 quod
1798 1437 1858 1481 ita
1877 1440 1929 1481 R.
1952 1439 2005 1482 T.

376 1526 420 1559 et
443 1531 514 1559 me
536 1517 691 1559 eadem
715 1530 850 1570 opera
873 1516 1150 1567 consoletur,
1176 1529 1200 1557 a
1225 1529 1314 1569 quo
1332 1514 1533 1570 impense
1549 1529 1711 1570 precor
1728 1522 1778 1557 ut
1796 1515 1915 1558 illam
1933 1515 2010 1557 diu

375 1593 505 1636 nobis
526 1593 797 1635 incolumem
837 1600 1004 1644 seruet,
1045 1599 1090 1635 et
1129 1591 1199 1634 sui
1239 1591 1462 1635 Paracleti
1501 1592 1631 1635 donis
1669 1592 1715 1634 in
1746 1592 1841 1635 dies
1865 1592 2022 1648 magis

376 1669 613 1726 magisque
636 1677 820 1714 recreet.
841 1671 1025 1721 Rornae,
1053 1681 1108 1726 29
1130 1668 1333 1726 Januarii
1362 1670 1487 1723 1576.

1137 1834 1251 1874 591

825 1926 877 1967 Ρ.
905 1925 1316 1969 HIERONYMUS
1346 1925 1563 1967 NADAL

705 2020 886 2054 PATRI
912 2018 1242 2056 EVERARDO
1270 2018 1677 2056 MERCURIANO

892 2118 1046 2153 HALAE,
1069 2108 1111 2143 31
1138 2117 1331 2152 JANUARII
1352 2108 1441 2153 1576
1460 2112 1488 2143 2.

645 2193 705 2227 De
724 2193 896 2227 editione
915 2193 1147 2239 imaginum
1166 2192 1273 2227 vitae
1295 2191 1446 2227 Christi
1457 2193 1734 2239 procuranda.

462 2288 489 2344 ἢ
554 2289 694 2331 Molto
718 2289 830 2330 Rdo.
871 2290 921 2331 P.
956 2289 1013 2331 Ν.
1048 2288 1092 2329 in
1121 2287 1206 2331 Χ.ο
1231 2289 1326 2331 Pax
1357 2287 1431 2331 Χ.ἰ
1459 2288 1551 2331 Son
1581 2294 1698 2330 stato
1729 2287 1857 2342 quasi
1888 2294 2019 2330 tutto«.

372 2372 533 2419 questo
558 2379 678 2408 mese
705 2365 956 2420 indisposto
979 2369 1110 2406 extra
1139 2365 1345 2407 ordinem
1373 2365 1429 2407 de
1457 2380 1518 2406 vn
1541 2364 1894 2407 extraordinario
1926 2379 2002 2408 ca-

371 2443 536 2484 tarrho.
570 2443 673 2484 Non
701 2449 769 2483 sto
808 2455 972 2483 ancora
1009 2442 1148 2484 molto
1171 2442 1300 2485 bene.
1333 2441 1604 2483 Benedictus
1635 2442 1876 2483 Dominus.
1906 2442 1999 2486 Son

371 2523 520 2561 tamen
544 2526 660 2561 stato
678 2520 796 2561 nella
819 2518 1176 2573 congregatione
1198 2518 1243 2560 in
1267 2520 1438 2574 Ispruc,
1464 2519 1581 2560 doue
1603 2520 1661 2560 ho
1683 2518 1797 2560 viste
1825 2519 1866 2561 16
1890 2533 1993 2562 cen-

371 2610 475 2639 sure
498 2595 603 2638 delli
628 2597 679 2638 P.
715 2597 877 2637 Torres
909 2603 952 2639 et
991 2595 1217 2650 Gregorio
1256 2596 1287 2646 ³,
1330 2602 1375 2638 et
1414 2601 1610 2637 tratanto
1647 2595 1716 2637 col
1747 2596 1798 2637 P.
1834 2596 1998 2639 Torres

371 2673 524 2715 hanno
548 2672 660 2714 fatta
682 2672 931 2727 diligentia,
958 2686 1030 2713 ma
1062 2686 1153 2713 non
1185 2671 1245 2713 rni
1278 2672 1478 2713 daranno
1509 2677 1667 2727 troppo
1705 2671 2003 2728 occupatione

371 2763 457 2792 con
480 2750 522 2791 la
545 2748 694 2804 gratia
716 2749 787 2791 del
811 2748 992 2804 Signor.
1020 2747 1299 2792 Desideraua
1317 2749 1400 2790 che
1419 2747 1448 2789 il
1467 2750 1519 2790 P.
1543 2748 1695 2791 Pietro
1714 2756 1758 2792 et
1777 2750 1828 2792 P.
1853 2750 2003 2792 Theo-

444 2891 452 2910 ¹
506 2892 563 2925 Ex
594 2891 781 2936 Regesto,
812 2889 909 2925 Cod.
942 2900 983 2935 33
1001 2890 1058 2936 j),
1083 2889 1150 2925 fol.
1180 2888 1238 2934 37.
1265 2890 1309 2924 In
1334 2890 1520 2935 margine:
1547 2891 1693 2926 Halae.
1719 2892 1768 2926 Ρ.
1793 2891 2005 2928 Αἰιίαῖεητ.,

369 2950 469 2986 Vide
489 2951 603 2997 epist.
617 2940 706 2996 589,
728 2951 791 2985 cui
808 2952 904 2985 haec
922 2950 1144 2996 respondet.

439 3013 452 3031 ‘2
504 3011 562 3045 Ex
581 3011 836 3056 autographo,
857 3010 895 3045 in
914 3010 1043 3055 Epist.
1063 3009 1219 3052 NataZ.‚
1239 3009 1288 3054 II,
1309 3009 1455 3056 duplici
1474 3009 1555 3056 fol„
1577 3009 1646 3056 239
1665 3011 1777 3055 (166).

440 3070 453 3089 ⁵
505 3069 605 3104 Vide
626 3070 739 3116 epist.
761 3069 844 3113 5843
866 3068 947 3113 5863
971 3074 1008 3104 et
1027 3068 1108 3114 589.
