2101 3348
317 231 385 276 428
832 226 970 260 EPisr.
998 223 1041 257 P.
1070 222 1222 257 NADAL
1239 243 1248 246 -
1273 232 1341 268 474

258 334 346 375 che
370 333 407 372 c’
433 331 454 372 e
479 329 675 384 qualche
699 339 917 369 concorso
939 323 1137 380 speciale
1158 324 1231 367 del
1253 323 1437 380 signore
1461 324 1602 377 Iddio,
1628 338 1706 379 per
1735 322 1765 365 il
1788 338 1902 379 gran

260 410 401 451 frutto
424 408 507 448 che
531 404 565 448 s'
589 406 613 447 e
638 405 749 446 fatto
772 403 816 445 in
842 409 1002 458 questa
1025 401 1113 444 cita
1136 408 1181 445 et
1206 401 1453 457 prouincia,
1479 409 1524 444 et
1547 401 1580 443 s'
1606 407 1781 456 aspetta
1805 415 1901 442 ma-

257 485 388 540 giore
410 497 496 525 con
514 483 555 524 la
573 481 728 524 diuina
745 480 906 536 gratia,
927 479 1136 531 essendo,
1157 480 1243 521 che
1261 479 1298 521 si
1318 479 1361 521 fa
1380 478 1487 535 ogni
1506 493 1613 521 cosa
1630 485 1899 533 puramente

262 576 341 618 per
365 558 522 603 aiutar'
546 558 573 601 l'
597 558 745 601 anime
767 565 812 601 et
840 555 1008 600 seruar'
1041 557 1070 598 il
1092 563 1112 582 a
1135 557 1198 598 fin
1226 556 1299 599 del
1328 563 1484 598 nostro
1513 555 1736 598 instituto.
1773 555 1900 598 Sono

263 638 338 694 gia
362 638 522 680 adesso
551 636 582 678 li
612 635 754 678 nostri
783 635 873 677 ben
896 634 1001 676 visti
1031 635 1086 676 da
1115 633 1242 676 molti
1271 634 1389 676 nella
1420 633 1538 675 cita:
1565 639 1756 676 sentono
1785 630 1901 674 assai

261 713 535 758 confessioni
558 715 614 758 de
639 726 837 769 persone
860 711 1118 768 principali,
1144 711 1466 767 specialmente
1495 710 1539 752 di
1569 710 1687 752 done
1710 725 1717 751 :
1750 710 1903 751 hanno

263 791 422 849 grand’
446 790 779 834 existimatione
808 805 887 846 per
916 796 1033 832 tutte
1066 790 1108 832 le
1146 787 1380 844 prouincie
1411 787 1588 830 vicine:
1620 787 1642 829 ὲ
1672 800 1785 842 gran
1815 786 1906 828 fre-

265 868 450 925 quentia
474 883 652 924 sempre
675 867 720 909 di
743 866 940 909 scholari
963 882 970 908 :
1004 880 1116 908 sono
1140 864 1344 908 continui
1377 865 1418 907 al
1448 879 1608 906 manco
1631 863 1706 919 piu
1730 862 1775 905 di
1797 876 1901 916 400,

265 955 310 991 et
332 960 486 1002 spesse
509 946 631 988 volte
654 944 729 1000 piu
753 944 798 986 di
823 955 923 998 5oo,
946 951 989 985 et
1013 942 1224 987 etiamdio
1248 943 1350 995 600,
1377 943 1462 985 che
1485 942 1508 984 ὲ
1531 941 1686 992 molto,
1707 941 1902 984 essendo

265 1023 367 1066 altri
397 1021 577 1078 collegii
611 1029 656 1066 et
688 1020 943 1078 particolari
975 1021 1131 1062 schole
1170 1019 1306 1061 molte
1343 1018 1390 1061 in
1428 1017 1633 1061 Colonia.
1663 1018 1719 1059 Et
1757 1020 1908 1059 tamen

267 1102 421 1142 hanno
444 1100 580 1142 molte
603 1113 706 1142 cose
722 1097 895 1140 difficili
913 1113 939 1140 o
957 1094 1196 1139 contrarie.
1221 1095 1387 1147 Prima,
1408 1095 1640 1138 introrono
1663 1109 1749 1137 con
1772 1093 1909 1136 indu-

269 1177 378 1220 stria
396 1184 439 1219 et
458 1176 662 1232 negotio,
684 1176 1031 1219 concedendose
1045 1175 1065 1200 b
1085 1189 1110 1216 a
1127 1174 1273 1215 affitto
1292 1173 1341 1215 in
1358 1173 1566 1229 singulos
1584 1186 1729 1214 annos
1747 1178 1908 1226 questo

270 1253 461 1309 collegio
484 1262 529 1296 et
550 1255 704 1306 bursa,
730 1266 821 1294 non
844 1268 869 1295 a
890 1253 932 1294 la
956 1250 1254 1306 Compagnia,
1281 1265 1330 1294 se
1353 1265 1442 1292 non
1466 1250 1507 1291 al
1531 1251 1583 1292 Ρ.
1612 1248 1743 1292 Retio
1766 1250 1793 1300 ¹,
1821 1262 1909 1291 Con

270 1331 548 1387 obligatione
571 1338 615 1376 et
637 1331 770 1373 etiam
793 1330 1080 1385 giuramento
1098 1330 1185 1372 che
1207 1327 1242 1371 s'
1262 1329 1442 1370 haueua
1461 1343 1485 1369 a
1502 1342 1757 1383 gouernare
1776 1340 1908 1385 qome

272 1408 337 1464 gli
354 1409 453 1451 altri
475 1408 673 1463 collegij,
689 1417 775 1451 etc.
792 1406 924 1462 Dipoi
943 1420 1118 1461 sempre
1135 1407 1288 1447 hanno
1302 1404 1658 1460 experimentato
1675 1405 1706 1445 l'
1725 1403 1912 1446 uniuer-

277 1485 378 1537 sit{1‚
411 1493 456 1527 et
488 1485 809 1540 specialmente
830 1484 872 1527 la
911 1483 1074 1526 facolta
1113 1481 1328 1533 artistica,
1355 1480 1599 1534 contraria3
1631 1481 1749 1523 dalla
1780 1480 1915 1535 quale

279 1565 429 1605 hanno
453 1562 592 1617 patito
616 1562 771 1604 molto.
799 1562 833 1604 Il
856 1562 1115 1604 Nouembre
1138 1560 1211 1603 del
1234 1560 1291 1613 64
1322 1558 1385 1614 gli
1408 1560 1561 1601 hanno
1585 1557 1810 1613 prohibito
1828 1558 1916 1600 che

276 1654 370 1682 non
394 1638 585 1695 puosino
608 1639 794 1694 leggere
817 1636 1144 1693 metaphysica,
1171 1638 1228 1679 ne
1251 1635 1424 1689 ethica,
1450 1636 1505 1678 ne
1529 1633 1831 1686 matematica,
1857 1634 1913 1676 ne

276 1716 463 1760 lettione
493 1714 708 1757 historica
730 1715 847 1758 nella
876 1715 1018 1757 classe
1047 1713 1276 1757 rhetorica
1308 1719 1352 1755 et
1382 1711 1584 1767 poetica,
1624 1711 1679 1754 ne
1710 1710 1914 1766 syntaxis

276 1807 457 1849 graeca,
485 1794 540 1835 ne
563 1792 753 1835 orationi
776 1805 914 1847 grece
937 1791 982 1833 di
1005 1791 1315 1834 Demosthene
1338 1804 1346 1843 ;
1374 1790 1428 1832 ne
1450 1790 1493 1832 la
1516 1790 1660 1831 classe
1689 1787 1734 1830 di
1757 1789 1914 1830 rheto-

278 1870 370 1913 rica
392 1870 428 1912 si
452 1870 541 1925 puo
562 1876 579 1896 c
597 1869 826 1913 chiamare
848 1868 892 1910 di
915 1868 1155 1920 rhetorica,
1181 1882 1229 1910 se
1252 1882 1342 1910 non
1366 1867 1516 1909 media
1538 1867 1722 1923 logicae,
1740 1865 1796 1908 ne
1820 1865 1916 1908 fare

279 1947 476 2002 catalogi
509 1947 624 1990 delle
653 1945 893 1998 lettionid,
921 1947 978 1988 ne
1006 1944 1218 1988 etiamdio
1249 1945 1334 1987 alla
1362 1951 1490 2000 porta
1520 1944 1592 1986 del
1624 1942 1833 1998 collegio,
1859 1943 1916 1984 ne

282 2023 363 2066 far’
389 2024 613 2075 comedie,
647 2023 701 2066 ne
730 2024 882 2079 legere
913 2024 969 2065 ad
1001 2023 1112 2065 altre
1141 2023 1252 2065 hore
1281 2021 1326 2064 di
1355 2022 1503 2076 quelle
1525 2022 1611 2063 che
1638 2020 1733 2062 loro
1764 2020 1917 2060 hanno

281 2110 538 2156 assegnate,
565 2101 619 2143 ne
643 2100 884 2156 insegnare
903 2101 1075 2157 gratis,
1093 2113 1177 2141 nec
1201 2113 1466 2154 promouere
1485 2098 1658 2154 gratis.
1686 2097 1918 2138 Brezziter:

285 2178 344 2220 mi
366 2193 471 2233 pare
494 2179 579 2220 che
602 2192 713 2220 sono
735 2177 928 2233 patroni,
956 2184 1000 2221 et
1025 2175 1237 2232 vogliono
1255 2174 1522 2219 essercitare
1545 2175 1587 2217 la
1615 2188 1697 2216 sua
1717 2171 1920 2228 potentia

284 2262 443 2297 contra
465 2254 495 2296 li
523 2253 680 2309 poueri
703 2253 1026 2309 jesuiti..Sono
1056 2267 1223 2296 ancora
1252 2253 1364 2295 altre
1391 2250 1599 2307 angarie‚
1631 2258 1676 2293 et
1704 2249 1767 2306 gli
1795 2251 1919 2292 hano

283 2345 451 2373 ancora
475 2331 586 2372 fatto
608 2330 795 2373 lasciare
814 2346 901 2373 vna
923 2330 1100 2386 integra
1125 2331 1284 2382 classe,
1306 2331 1392 2373 che
1414 2343 1490 2372 era
1507 2327 1533 2370 Γ
1555 2327 1725 2370 ultima.
1747 2328 1812 2370 La
1830 2326 1920 2368 cita

287 2407 351 2463 gli
373 2409 433 2449 ha
457 2407 720 2450 conosciuto
746 2414 869 2449 tanto
899 2422 1012 2463 poco
1045 2406 1175 2450 insin'
1201 2407 1378 2460 adesso,
1405 2407 1493 2449 che
1521 2420 1611 2448 non
1641 2405 1736 2447 solo
1765 2418 1921 2459 perse-

289 2499 398 2527 uera
418 2483 463 2525 in
486 2483 641 2526 volerli
666 2484 757 2526 fare
781 2498 950 2539 pagare
972 2484 1002 2526 il
1025 2485 1170 2526 affitto
1201 2483 1318 2526 della
1348 2482 1505 2535 bursa,
1533 2497 1606 2525 ma
1635 2480 1846 2525 etiamdio
1877 2480 1920 2522 lo

360 2627 379 2648 a
419 2628 439 2654 2
458 2620 577 2654 verba
596 2631 708 2665 seqq.
734 2630 848 2665 supra
866 2631 974 2653 vers.
998 2619 1145 2655 addidit
1164 2619 1331 2654 libr.-b
1347 2617 1604 2654 Emendatum
1620 2629 1641 2651 a
1656 2617 1748 2652 libr.
1774 2627 1822 2650 ex
1837 2626 1924 2650 con-

286 2679 499 2726 cedosegli.
522 2700 531 2703 —
551 2686 568 2705 C
594 2678 777 2725 Sequitur
801 2678 888 2713 dire
914 2678 1258 2713 obliteratum-d
1279 2678 1301 2713 6
1319 2679 1440 2713 verba
1465 2689 1573 2724 seqq.
1594 2675 1742 2711 addidit
1760 2675 1859 2720 libr.
1889 2673 1929 2709 in

292 2750 419 2784 marg.

365 2857 375 2877 ¹
428 2858 598 2903 Joannes
617 2857 782 2892 Rhetius
807 2859 900 2900 (von
924 2856 1072 2902 Reidt)‚
1100 2868 1279 2901 «regens,
1308 2856 1556 2891 concionator
1582 2854 1629 2890 ad
1655 2854 1699 2889 S.
1730 2854 1929 2897 Ursulam,

292 2922 333 2952 et
352 2917 390 2952 in
409 2916 617 2963 Capitolio,
636 2917 849 2961 consultor,
875 2915 1135 2951 confessarius
1160 2915 1301 2951 summi
1329 2916 1511 2962 templi.»
1537 2916 1595 2949 Ex
1617 2914 1794 2958 catalogo
1813 2912 1931 2947 colle-

293 2976 348 3021 gii
378 2975 614 3011 coloniensis
645 2975 735 3010 anni
770 2976 870 3020 1567,
905 2974 1007 3020 apud
1033 2975 1225 3019 HANSEN‚
1254 2975 1327 3009 loc.
1356 2975 1440 3019 cit.,
1469 2973 1551 3018 784.
1585 2972 1652 3008 Cf.
1685 2973 1819 3019 Epist.
1851 2970 1935 3005 Na-

292 3036 391 3078 tat„
412 3036 463 3080 11,
484 3035 569 3080 566.

2086 267 2097 293 §⁵
2083 157 2101 243 ssu)
2079 75 2101 132 :fo
