2141 3358
340 174 428 201 xxx
915 162 1095 196 NOTITIA
1123 169 1312 198 CODICUM

383 268 620 310 Hactenus
637 266 694 309 de
712 263 944 307 codicibus
963 276 1072 305 mss.
1094 263 1151 306 ad
1167 262 1441 308 Societatem
1454 265 1563 321 Jesu
1580 263 1928 320 pertinentibus3

292 343 410 387 inter
442 358 554 398 quos
586 341 836 398 principem
873 340 1024 382 locum
1055 340 1356 395 proculdubio
1387 341 1595 385 obtinent
1631 340 1811 384 codices
1843 343 1928 385 sub

293 436 371 463 nn.
397 433 425 474 4
447 427 491 462 et
517 431 572 473 34
594 417 743 474 positi,
769 431 825 460 ex
848 415 1014 471 quibus
1038 416 1231 460 maxima
1252 431 1356 472 pars
1378 417 1668 473 epistolarum
1687 418 1860 462 Natalis
1882 426 1928 462 et

294 496 488 553 Borgiae
509 497 773 551 deprompta
794 493 896 538 fuit.
922 492 1050 538 Sicut
1073 493 1192 537 enim
1215 493 1260 536 in
1288 494 1423 550 priori
1444 510 1604 538 manus
1632 495 1806 539 Natalis
1836 497 1927 539 fre-

291 572 584 629 quentissime
621 570 911 627 conspicitur,
951 571 1025 614 vel
1056 577 1174 614 totas
1207 572 1419 627 epistolas
1450 573 1523 616 vel
1559 579 1733 628 partem
1770 588 1926 617 earum

291 650 535 702 exarantis,
562 649 623 692 ita
645 649 691 690 in
713 649 854 692 altero
883 647 1078 704 Borgiae
1106 650 1394 705 autographa
1421 649 1657 694 innumera
1686 650 1925 695 continen-

293 734 380 771 tur.
406 728 502 770 Nec
532 726 708 778 mirum,
741 739 845 768 cum
870 724 1107 780 utriusque
1137 725 1308 769 codicis
1333 734 1626 770 monumenta
1656 728 1748 771 fere
1776 727 1927 771 omnia

293 806 364 848 vel
397 805 697 859 autographa,
737 803 810 845 vel
838 802 1074 858 originalia
1102 802 1206 845 sint.
1239 804 1289 845 In
1322 804 1515 860 Borgiae
1544 813 1695 848 autem
1725 805 1927 861 epistolis

294 881 610 938 originalibus,
641 880 752 922 illud
781 879 1111 922 animadvertas
1141 894 1332 935 quaeso,
1364 896 1455 924 non
1485 897 1510 925 a
1540 882 1722 925 librario
1751 882 1927 939 integre

294 959 391 1002 illas
420 964 647 1010 exaratas,
678 964 723 1001 et
751 972 777 1000 a
808 956 976 1012 Borgia
1004 956 1283 1013 subscriptas
1318 965 1493 1001 tantum
1532 959 1695 1013 fuisse3
1727 961 1805 1004 sed
1836 961 1927 1004 fre-

293 1041 485 1091 quenter
505 1034 653 1091 longis
675 1033 987 1090 paragraphis,
1014 1035 1070 1076 ab
1093 1033 1168 1076 illo
1190 1042 1349 1078 sancto
1372 1035 1469 1078 viro
1493 1045 1648 1079 auctas
1668 1037 1823 1091 fuisse,
1847 1037 1926 1092 qui

292 1112 475 1169 propria
511 1126 647 1154 manu
682 1111 907 1154 intimiora
935 1111 1155 1166 quaedam
1186 1112 1370 1168 negotia
1400 1113 1522 1156 Patri
1551 1114 1701 1157 Natali
1729 1114 1924 1169 perscri-

289 1190 447 1233 bebat.

961 1307 1143 1346 Codex
1173 1307 1258 1347 51.

385 1421 531 1463 Codex
553 1420 866 1463 talabm‘censis
889 1420 960 1476 (de
984 1421 1203 1463 Talavera
1226 1422 1281 1464 de
1304 1422 1345 1465 la
1374 1422 1860 1479 Reina>.-—Adhibitus
1882 1425 1928 1468 in

290 1498 361 1541 his
384 1500 727 1550 MONUMENTls,
747 1497 940 1539 Sanctus
959 1498 1235 1540 Franciscus
1253 1500 1450 1556 Borgia,
1469 1501 1522 1552 ΙΙ,
1550 1513 1585 1543 Ι.
1610 1501 1745 1544 Plura
1769 1502 1826 1546 de
1842 1503 1929 1545 hoc

285 1575 446 1618 codice
469 1574 645 1631 proprio
668 1575 785 1626 loco,
811 1576 910 1617 Deo
932 1574 1129 1627 volente,
1150 1575 1373 1620 dicemus.

821 1741 1073 1786 CODICES
1113 1743 1392 1786 VATICANI

956 1898 1137 1937 Codex
1165 1897 1259 1940 5⁴2,

382 2038 671 2080 Miscellanea
713 2039 764 2080 de
807 2040 939 2082 rebus
983 2041 1162 2083 concilii
1213 2042 1468 2085 tridentini.
1491 2031 1839 2088 —Asse'rvatur
1881 2045 1928 2088 in

288 2115 478 2158 archivo
508 2129 620 2158 secr.
654 2116 821 2170 Vatic.,
848 2117 893 2158 in
923 2117 990 2169 f.⁰‚
1023 2126 1303 2175 compactus,
1331 2121 1417 2163 hac
1441 2135 1464 2163 a
1488 2127 1618 2177 tergo
1641 2121 1929 2178 inscriptione

294 2192 523 2248 signatus:
569 2192 652 2234 «C.
684 2190 691 2248 Ι
728 2205 854 2249 149.»
898 2194 1035 2238 Foliis
1079 2197 1229 2250 1-467
1268 2212 1323 2241 ex
1361 2197 1518 2241 ordine
1561 2198 1750 2255 signatis
1773 2200 1928 2245 coale-

290 2267 393 2311 scit.
423 2268 559 2311 Plura
580 2268 763 2324 insuper
788 2271 890 2313 folia
914 2287 1003 2315 non
1033 2273 1216 2329 signata
1238 2274 1366 2317 initio
1404 2281 1450 2319 et
1485 2276 1542 2319 ad
1577 2277 1746 2320 calcem
1769 2278 1923 2323 habet.

285 2344 507 2388 Continet
541 2353 832 2389 monumenta
860 2348 1052 2403 diversa,
1087 2358 1183 2393 tum
1215 2353 1483 2409 archetypa,
1519 2360 1613 2396 tum
1642 2356 1920 2411 apographa,

292 2421 350 2464 de
373 2421 507 2464 rebus
545 2422 725 2465 concilii
764 2423 994 2468 tridentini
1032 2434 1077 2469 et
1115 2429 1172 2471 de
1205 2430 1475 2486 augustanis
1497 2431 1768 2486 recessibus,
1794 2432 1923 2475 annis

301 2508 409 2552 1555
439 2505 483 2540 et
518 2499 628 2552 1566
659 2499 838 2543 habitis.
881 2503 971 2546 Inc.
1002 2505 1077 2548 fol.
1111 2520 1158 2549 n.
1207 2519 1223 2549 Ι
1257 2507 1452 2563 signato:
1483 2509 1598 2553 «lhs.
1639 2510 1707 2551 Ex
1743 2523 1924 2553 recessu

290 2573 511 2630 imperiali
547 2575 651 2617 anni
696 2587 822 2631 1555.
865 2580 1090 2634 Quoniam
1130 2582 1176 2625 in
1214 2584 1508 2630 omnibus...»
1550 2587 1660 2631 Des.
1702 2586 1779 2630 fol.
1821 2587 1922 2641 467:

287 2667 374 2695 <‹...
399 2651 570 2694 dictum
593 2659 661 2695 est
683 2667 819 2709 supra
842 2654 888 2697 in
912 2656 978 2699 tit.
1006 2659 1061 2701 de
1091 2660 1362 2716 baptismo»

959 2776 1144 2817 codex
1174 2779 1267 2821 53.

380 2882 568 2926 Archivi
597 2898 711 2927 secr.
747 2885 915 2939 Vatic.,
950 2887 996 2931 in
1029 2891 1106 2944 f.0,
1138 2895 1401 2939 membrana
1429 2903 1687 2953 coopertus,
1728 2898 1845 2940 hanc
1883 2897 1929 2940 in

282 2959 429 3003 dorso
450 2958 789 3017 inscriptionem
808 2965 1086 3018 praeferens:
1111 2981 1194 3024 «24
1222 2970 1229 3029 Ι
1255 2972 1341 3014 sub
1361 2974 1503 3017 Paulo
1520 2975 1581 3018 IV
1609 2974 1615 3032 Ι
1642 2980 1689 3017 et
1707 2973 1788 3018 Pio
1806 2975 1867 3019 IV
1895 2975 1901 3033 Ι
