2101 3348
832 238 855 273 4
881 228 982 271 MAJ1
1014 228 1104 273 1566
1689 241 1736 276 99

140 336 186 374 et
207 329 252 371 di
274 329 560 372 Fer-dinando
582 329 741 385 primo,
768 329 813 372 in
836 336 987 386 tempo
1015 332 1099 373 che
1127 330 1157 373 li
1189 332 1399 375 catholici
1429 347 1566 376 erano
1596 331 1673 388 piu
1698 346 1782 387 po-

142 405 254 449 tenti
277 413 321 450 et
344 406 664 462 specialmente
686 408 714 448 l’
740 407 982 468 imperator
1004 409 1155 462 Carlo,
1181 416 1227 451 et
1256 408 1285 450 li
1315 409 1560 465 aduersarij
1578 416 1599 437 a
1620 423 1782 452 manco

84 499 89 501 ’
145 483 246 526 forti
268 491 312 526 et
334 482 556 526 licentiosi
578 485 661 526 che
682 485 863 527 adesso:
895 491 941 527 et
968 484 1061 527 cosi
1090 499 1351 540 pensauano
1375 486 1406 528 li
1429 486 1640 530 catholici
1665 485 1781 529 rice—

146 575 252 604 uere
275 575 387 616 gran
405 560 425 586 b
461 560 607 616 gratia
635 562 708 603 dal
735 560 918 617 signore
940 561 1081 614 Iddio,
1108 577 1156 605 se
1180 571 1447 618 puotessero
1476 564 1745 608 confirmare
1763 570 1780 590 0

146 638 293 693 quella
316 637 476 692 paced.
504 637 555 680 Li
579 630 823 692 aduersarij
853 638 909 680 ad
939 638 1049 693 ogni
1078 639 1210 681 modo
1234 641 1461 683 uoleuano
1492 640 1780 697 aggiongere

145 722 266 758 certe
283 714 526 769 conditionj
546 729 678 770 sopra
700 715 832 757 modo
849 714 1150 769 intollerabili,
1171 722 1216 759 et
1234 723 1426 759 stauano
1444 733 1524 773 per
1542 718 1572 760 il
1596 725 1779 762 contra—

143 792 207 834 rio
228 791 257 833 li
280 791 488 834 catholici
511 806 535 834 a
558 806 651 834 non
680 791 963 847 aggiongere
990 792 1145 847 parola
1176 792 1388 845 nissum,
1411 801 1455 837 et
1479 793 1514 836 si
1547 794 1667 838 tiene
1701 808 1780 850 per

141 876 262 912 certo
291 870 374 912 che
403 869 496 911 cosi
530 869 569 911 si
601 868 959 921 conchiuderae,
992 870 1159 924 perche
1191 870 1285 912 cosi
1318 870 1359 912 ci
1393 872 1450 913 ha
1483 871 1608 913 detto
1644 887 1669 913 a
1707 871 1781 915 noi

139 947 288 1002 quello
309 947 382 990 del
404 948 524 1003 Jona
550 948 578 989 ¹.
605 945 895 989 Trattandosi
917 952 1078 1001 questo
1097 946 1282 1002 negotio
1302 961 1452 990 uenne
1476 962 1567 990 una
1584 948 1746 992 lettera
1767 949 1780 975 s

139 1024 245 1066 dell'.
266 1023 408 1066 amico
430 1024 487 1066 de
509 1022 783 1079 Rodriguez,
809 1023 927 1065 nella
950 1023 1081 1078 quale
1104 1023 1265 1067 diceua
1289 1025 1361 1066 all’
1385 1031 1569 1080 agente,
1592 1026 1676 1068 che
1700 1039 1779 1068 ue-

141 1101 330 1144 nendosi
348 1116 373 1143 a
390 1100 670 1143 conclusion'
689 1101 883 1144 alchuna
900 1102 984 1143 che
1002 1100 1307 1156 pregiudicasi
1326 1105 1350 1144 a
1369 1102 1437 1144 los
1456 1102 1608 1144 fueros
1625 1116 1714 1157 que
1732 1116 1780 1144 se

140 1178 354 1230 hizieron,
376 1179 523 1221 donde
546 1193 604 1234 yo
622 1178 727 1221 vine
749 1192 778 1233 y
801 1184 964 1221 estuue
987 1192 1119 1233 poco,
1146 1193 1175 1233 y
1199 1182 1327 1221 torne
1347 1183 1467 1234 atras
1486 1193 1594 1235 para
1618 1180 1780 1221 acabar

142 1255 200 1299 mi
223 1255 354 1299 visita
383 1257 593 1312 passada,
625 1255 793 1299 hiziese
822 1270 913 1297 una
942 1255 1263 1310 protestacion.
1292 1257 1469 1311 Questa
1491 1257 1651 1300 lettera
1684 1258 1781 1299 fece

139 1333 438 1391 grandissima
460 1333 692 1385 difficolta,
719 1340 764 1375 et
787 1333 879 1375 cosi
903 1332 943 1375 ci
968 1333 1166 1375 furonog
1191 1341 1403 1389 proposte
1422 1334 1526 1377 dall'
1554 1341 1722 1389 agente
1740 1334 1780 1377 16

138 1410 360 1466 questionj
387 1412 471 1453 che
493 1411 535 1452 la
560 1411 655 1453 1³³2
677 1411 761 1454 V.a
777 1410 959 1461 uedera,
982 1410 1103 1465 quali
1121 1425 1283 1453 sarano
1302 1425 1387 1453 con
1406 1417 1567 1466 questa
1590 1410 1779 1454 insieme

134 1502 220 1531 con
250 1488 292 1532 le
315 1488 611 1544 responsionj.
647 1490 701 1531 Et
735 1488 859 1531 accio
897 1488 939 1530 la
975 1489 1071 1530 1).ῑῆ
1093 1489 1177 1531 V.a
1211 1488 1346 1530 habia
1380 1487 1698 1531 informatione
1733 1488 1777 1530 di

136 1566 284 1621 quello
307 1567 391 1609 che
419 1566 460 1608 la
489 1565 525 1608 si
549 1573 691 1617 tocca,
718 1566 883 1609 mando
913 1564 958 1607 in
995 1580 1056 1607 un
1079 1566 1192 1608 altra
1221 1565 1433 1607 scrittura
1462 1571 1670 1620 separata
1702 1564 1779 1620 piu

135 1643 178 1686 al
198 1643 372 1699 lungho
395 1644 436 1685 la
459 1643 761 1698 explicatione
783 1643 898 1686 delle
922 1650 1077 1685 nostre
1101 1642 1384 1698 responsionj
1410 1643 1442 1684 ‘·’.

225 1734 268 1774 4.
335 1722 391 1763 Et
415 1728 531 1764 tutte
559 1727 717 1775 queste
747 1720 957 1763 scritture
985 1719 1023 1762 si
1056 1721 1281 1762 mandano
1305 1735 1330 1762 a
1354 1721 1410 1762 V.
1439 1721 1491 1762 P.
1519 1734 1598 1775 per
1627 1719 1655 1761 il
1688 1720 1778 1762 fine

140 1798 213 1855 gia
235 1800 375 1850 detto,
396 1799 562 1854 perche
581 1797 791 1841 temiamo
807 1799 1136 1854 grandemente
1155 1799 1254 1848 che,
1278 1799 1312 1840 s'
1335 1797 1380 1838 in
1404 1804 1565 1852 questo
1589 1796 1779 1852 negotio

139 1883 264 1920 tanto
285 1876 555 1932 importante
578 1882 623 1919 et
646 1875 894 1931 pericoloso
917 1875 954 1918 si
977 1890 1035 1918 ua
1057 1874 1104 1917 in
1129 1876 1278 1927 fretta,
1306 1890 1397 1918 non
1420 1874 1457 1917 si
1489 1874 1662 1931 uenghi
1676 1873 1699 1901 h
1722 1875 1778 1917 ad

139 1968 228 1997 una
250 1955 422 2010 grande
444 1960 620 1996 rottura
643 1960 688 1997 et
710 1954 860 1996 danno
883 1952 1233 2009 irrecuperabile
1260 1951 1286 2006 ¹,
1307 1953 1508 1995 secondo
1530 1952 1572 1995 16
1595 1951 1776 1994 circun—

207 2074 227 2095 ἃ
257 2068 325 2102 Bo.
358 2066 679 2102 avversarii.-b
712 2066 782 2101 Bo.
810 2066 1054 2112 grande.—c
1097 2066 1166 2100 Bo.
1195 2067 1395 2112 potessero
1425 2063 1634 2111 conferma
1665 2076 1776 2100 re.—

135 2126 156 2154 d
184 2128 252 2162 Bo.
272 2126 325 2162 ita
344 2125 532 2172 expolivit
558 2137 670 2172 seqq.
696 2136 820 2172 usque
845 2124 893 2160 ad
916 2126 1086 2160 nissuna
1111 2124 1226 2160 incl.:
1251 2123 1321 2160 Gli
1339 2125 1569 2160 etv-versarii
1586 2124 1778 2160 volevano

133 2187 187 2222 ad
215 2187 311 2233 ogni
341 2186 456 2220 modo
487 2186 741 2232 aggiungere
771 2187 873 2219 certe
904 2184 1131 2220 condizioni
1160 2187 1281 2230 sopra
1308 2185 1423 2218 modo
1447 2183 1730 2227 intollerabili‚·
1759 2196 1777 2219 e

132 2248 298 2281 stavano
324 2249 398 2291 per
428 2245 458 2280 il
477 2245 682 2280 contrario
710 2244 726 2278 i
749 2244 926 2279 cattolici
950 2256 975 2278 a
1000 2255 1078 2279 non
1105 2244 1361 2291 aggiungere
1381 2243 1532 2290 parola
1557 2243 1776 2278 alcuna.—

135 2313 153 2333 e
169 2306 240 2340 Bo.
265 2305 394 2340 omitt.
423 2313 464 2339 10
494 2304 615 2339 verba
633 2302 817 2350 seqq.—f
861 2304 934 2338 Bo.
969 2302 1022 2338 ita
1041 2302 1208 2338 mutavit
1233 2314 1345 2349 seqq.
1371 2314 1494 2349 usque
1513 2302 1561 2337 ad
1581 2304 1775 2349 protesta-

134 2365 223 2401 ci6n
247 2364 366 2400 incl.:
393 2364 457 2399 del
483 2364 613 2410 Papa,
633 2363 743 2398 nella
766 2363 883 2409 quale
902 2363 1042 2398 diceva
1069 2363 1111 2397 al
1141 2362 1304 2410 Legato,
1323 2363 1387 2397 che
1406 2362 1621 2398 venendosi
1638 2374 1663 2396 a
1688 2373 1773 2397 con-

134 2424 306 2461 clusione
324 2425 472 2459 alcuna
491 2423 556 2458 che
570 2423 873 2470 pregiudicasse
898 2422 941 2457 ai
959 2422 1110 2468 diritti,
1122 2422 1278 2469 facesse
1297 2433 1381 2457 una
1395 2424 1593 2468 protestet.
1617 2420 1773 2466 Omnia,

136 2495 234 2531 quae
258 2483 407 2519 Natalis
435 2493 613 2518 sermone
637 2481 800 2528 hispano
824 2482 888 2517 hic
906 2481 1077 2528 scripsit,
1098 2481 1230 2517 omisit
1248 2482 1343 2525 Bo.;
1364 2480 1467 2516 unde
1492 2492 1668 2516 mancam
1686 2481 1774 2516 reli-

137 2543 220 2590 quit
238 2542 486 2587 sententiam,
507 2547 546 2576 et
565 2553 633 2588 pro
652 2546 733 2576 tota
763 2542 937 2576 clausula
968 2539 1185 2588 hispanica,
1205 2552 1320 2587 quarn
1340 2551 1456 2586 supra
1475 2539 1772 2586 explicavimus,

136 2603 265 2650 posuit
281 2601 479 2648 generalia
498 2600 563 2636 illa
581 2600 658 2636 duo
676 2601 810 2635 verba:
831 2601 874 2635 ai
891 2601 1042 2636 diritti.
1058 2607 1116 2634 „g
1147 2601 1218 2635 Bo.
1239 2599 1444 2646 sequentia
1463 2598 1517 2634 ita
1536 2599 1770 2645 composuit:

127 2665 311 2710 proposte
328 2662 397 2697 dal
420 2661 566 2708 Legato
584 2660 620 2696 le
643 2660 849 2706 quistioni,
869 2661 934 2696 che
962 2660 1005 2694 V.
1027 2660 1080 2695 P.
1104 2659 1229 2695 vedrc't
1249 2670 1321 2694 con
1341 2661 1496 2705 questa,
1515 2658 1682 2693 insieme
1701 2669 1773 2693 con

132 2722 166 2757 le
185 2722 364 2769 risposte.
389 2721 426 2755 E
447 2719 555 2755 acci&
582 2720 624 2754 V.
645 2719 698 2754 P.
722 2719 837 2754 abbia
855 2718 1152 2766 informazione
1178 2719 1221 2753 di
1247 2718 1380 2763 quello
1398 2718 1464 2752 che
1483 2718 1527 2752 in
1545 2729 1624 2752 esse
1644 2717 1678 2751 si
1696 2719 1771 2752 toc-

129 2793 194 2822 ca‚
226 2781 373 2816 mando
403 2780 447 2815 in
477 2791 534 2814 un
564 2779 675 2814 altra
705 2779 900 2813 scrittura
925 2780 1117 2825 separata
1148 2777 1190 2813 Za
1214 2777 1476 2824 esplicazione
1506 2777 1607 2812 delle
1638 2777 1771 2810 nostre

128 2838 389 2885 risposte.-h
409 2838 483 2872 Bo.
507 2836 722 2884 venga.—i
754 2837 824 2872 Bo.
844 2836 1131 2884 irreparabile.

201 2929 211 2949 ¹
262 2926 602 2972 Archiepiscopus.
623 2936 678 2960 sc.
698 2924 941 2971 trevirensis,
962 2925 1134 2971 Joannes
1154 2935 1231 2959 von
1255 2923 1325 2959 der
1352 2922 1614 2969 Leyen.Vide
1634 2933 1768 2968 supra,

131 2997 219 3033 pag.
240 2986 296 3031 96,
320 2993 379 3031 97,
399 2990 536 3020 annot.
563 2992 596 3019 Ι.

202 3048 216 3067 ²
266 3045 377 3079 Hane
395 3042 694 3090 explicationem
712 3043 833 3078 habes
853 3042 964 3084 infra,
985 3043 1059 3078 sub
1078 3042 1208 3078 littera
1226 3042 1274 3078 E.
