2141 3358
346 238 373 264 X
777 227 1032 262 PROOEMIUM
1059 234 1198 260 TERTII
1227 234 1453 261 VOLUMINIS

388 331 524 386 Quod
547 343 654 373 vero
676 328 811 382 aliqui
835 329 891 371 de
909 334 1069 370 sancto
1092 327 1306 382 pcntifice
1324 326 1406 369 Pio
1429 328 1469 370 V
1488 341 1579 369 non
1598 332 1722 386 recte
1739 325 1937 383 scripse-

300 421 420 465 runt,
447 427 566 466 eum,
599 412 725 453 velut
749 411 978 453 hominem
1007 409 1315 466 imperiosum,
1361 417 1432 453 «et
1456 409 1532 465 qui
1566 409 1714 452 nullas
1737 409 1937 454 rationes

298 493 519 537 voluntati
537 508 646 536 suae
664 492 912 535 contrarias
931 492 1214 536 admitteret»
1236 491 1368 535 nobis
1385 492 1703 548 depingentes,
1724 491 1935 535 luculen-

300 584 367 622 ter
388 576 606 619 refellitur
629 591 684 619 ex
707 575 898 630 epistola
919 574 1147 631 Borgiana
1175 576 1225 618 18
1245 575 1354 630 Maji
1379 575 1491 629 1566
1509 575 1565 617 ad
1583 575 1791 618 Natalem
1810 575 1932 628 data,

300 660 344 702 in
368 675 457 715 qua
479 658 717 715 perspicue
740 658 892 714 potius
910 665 1131 714 apparent
1154 658 1419 701 immortalis
1436 658 1557 701 illius
1574 657 1658 699 viri
1676 658 1934 713 prudentia,

297 742 555 798 benignitas
578 748 623 785 et
645 741 834 784 comitas
856 740 902 783 in
921 740 1159 784 audiendis
1182 748 1227 785 et
1249 740 1579 797 amplectendis
1609 741 1802 784 aliorum
1826 756 1939 784 con-

297 827 405 870 siliis
435 826 681 883 (130-132).
715 825 891 880 Hisque
930 833 975 868 et
1010 825 1108 868 aliis
1147 825 1393 868 virtutibus
1431 825 1672 868 maximam
1708 826 1794 869 sibi
1823 826 1942 870 inter

296 925 537 967 germanos
559 909 875 953 auctoritatem
898 909 1172 961 conciliavit,
1206 910 1395 965 ejusque
1418 916 1520 952 acta
1551 909 1670 964 typis
1703 909 1825 953 edita
1846 925 1941 954 non

299 993 396 1037 sine
419 994 569 1035 fructu
594 1008 620 1034 a
644 992 799 1035 multis
822 993 1097 1048 legebantur
1120 993 1239 1049 (374,
1266 992 1384 1050 491).

386 1076 509 1132 ¹Quid
542 1090 675 1131 porro
708 1075 996 1120 sentiendum
1030 1076 1087 1118 de
1117 1076 1269 1118 fructu
1302 1090 1358 1118 ex
1386 1077 1658 1133 augustanis
1692 1075 1888 1118 comitiis
1912 1091 1937 1120 a

300 1160 531 1203 catholicis
548 1161 783 1215 percepto?
801 1161 902 1202 Hac
919 1160 976 1203 de
988 1174 1035 1203 re
1053 1159 1182 1203 aliter
1200 1159 1273 1202 alii
1295 1167 1553 1205 senserunt.
1574 1160 1623 1205 Si
1647 1167 1798 1204 autem
1816 1159 1940 1216 ipsos

298 1244 431 1296 viros,
454 1244 530 1298 qui
554 1244 691 1299 hujus
714 1243 887 1300 negotii
910 1258 1014 1299 pars
1032 1258 1198 1300 magna
1221 1244 1423 1298 fuerunt,
1450 1243 1705 1297 audiamus,
1732 1242 1937 1299 pontifex

301 1327 481 1383 quidem
505 1342 721 1371 romanus
743 1341 960 1370 successu
978 1325 1263 1369 comitiorum
1286 1312 1529 1370 contentus
1558 1327 1802 1370 admodum
1832 1340 1943 1370 eva-

301 1411 372 1454 sit.
405 1414 525 1454 «Ben
551 1411 828 1455 intendiamo
851 1412 939 1454 che
961 1417 1031 1453 sta
1053 1411 1146 1454 Sua
1169 1410 1344 1455 Santita
1365 1411 1481 1453 assai
1504 1417 1721 1455 contento
1740 1410 1812 1454 del
1835 1424 1943 1453 suc-

301 1511 429 1540 cesso
451 1497 567 1539 della
594 1496 731 1548 dieta,
757 1496 1058 1538 confessando
1094 1495 1158 1538 lui
1196 1503 1341 1539 stesso
1377 1496 1463 1538 che
1500 1510 1592 1538 non
1621 1496 1663 1538 lo
1702 1501 1940 1551 aspettaua

302 1588 428 1623 tanto
450 1582 618 1632 buono,
645 1587 690 1623 et
711 1579 743 1622 li
765 1579 991 1631 catholici,
1018 1578 1228 1622 massime
1252 1579 1427 1635 prelati,
1452 1581 1606 1621 hanno
1636 1578 1774 1623 etiam
1804 1592 1943 1634 supe*-

301 1670 398 1706 rata
419 1664 462 1706 la
484 1663 771 1720 spettatione,
799 1662 1009 1707 massime
1027 1669 1200 1718 quanto
1231 1663 1319 1705 allo
1342 1668 1541 1706 accettar
1570 1662 1600 1704 il
1634 1660 1845 1714 concilio,
1880 1660 1943 1703 dil

306 1749 390 1791 che
413 1747 518 1790 tutti
541 1747 582 1789 ci
605 1746 745 1789 siamo
768 1746 991 1789 consolati
1013 1745 1058 1788 in
1088 1745 1312 1789 Domino»
1341 1746 1473 1802 (159).
1499 1747 1565 1788 Ita
1595 1744 1765 1801 Borgia
1791 1743 1942 1788 Natali
1963 1746 1967 1750 ’

312 1832 359 1873 18
372 1830 496 1888 Junii
520 1831 631 1884 1566
648 1831 885 1874 referebat.
904 1829 951 1874 Si
970 1836 1122 1874 autem
1140 1829 1289 1886 ipsum
1308 1830 1515 1872 Natalem
1535 1829 1842 1880 consulamus,
1864 1841 1939 1879 en,

302 1914 419 1958 inter
441 1913 542 1967 alia,
568 1928 683 1969 quae
705 1929 788 1957 suo
817 1914 1073 1970 praeposito
1102 1926 1153 1971 19
1175 1913 1284 1970 Julii
1313 1913 1517 1968 ejusdem
1547 1912 1653 1954 anni
1678 1911 1933 1954 nuntiabat:

301 1999 451 2040 «Parti
474 1997 531 2039 de
548 1998 761 2053 Augusta
783 2012 811 2052 y
834 1997 889 2040 de
912 1998 953 2040 la
975 1997 1111 2050 dieta,
1138 2011 1227 2053 que
1249 2011 1297 2040 se
1320 1998 1538 2048 acabaua,
1560 1996 1602 2038 al
1620 1996 1683 2040 fin
1705 1995 1762 2038 de
1785 1996 1942 2051 Mayo,

301 2094 387 2123 con
409 2082 557 2124 buena
581 2080 726 2136 gratia
747 2095 775 2135 y
812 2080 994 2124 licentia
1016 2082 1089 2125 del
1118 2081 1259 2123 Illmo.
1291 2081 1470 2136 legado,
1503 2079 1543 2121 el
1573 2079 1675 2121 cual
1706 2078 1780 2121 dio
1803 2093 1946 2134 gran-

305 2164 385 2206 des
402 2164 579 2207 senales
601 2164 656 2207 de
679 2178 750 2206 ser
768 2179 875 2220 muy
898 2171 1114 2207 contento
1136 2165 1209 2207 del
1232 2163 1425 2207 seruicio
1449 2177 1538 2218 que
1568 2166 1770 2205 auiamos
1799 2163 1948 2206 hecho

304 2249 374 2290 los
398 2255 488 2290 tres
511 2252 535 2289 a
558 2248 599 2290 la
623 2249 730 2291 sede
752 2248 999 2303 apostolica
1019 2264 1049 2304 y
1072 2253 1097 2291 a
1121 2250 1184 2293 Su
1209 2249 1401 2292 Sefioria
1430 2247 1570 2289 Illma.
1607 2247 1647 2288 Y
1678 2246 1942 2297 realmente,

308 2330 470 2384 Padre,
503 2345 683 2385 aurique
712 2345 825 2386 poco
854 2347 879 2375 a
909 2331 1119 2387 parecido
1142 2333 1184 2374 al
1216 2331 1398 2387 publico
1420 2331 1462 2373 el
1485 2328 1695 2381 seruicio,
1722 2342 1804 2384 por
1833 2343 1943 2372 auer

304 2413 403 2455 sido
424 2428 481 2457 en
504 2428 635 2456 cosas
672 2422 885 2468 secretas,
927 2430 1022 2457 mas
1054 2431 1111 2458 an
1135 2415 1233 2458 sido
1255 2416 1312 2458 de
1350 2421 1475 2457 tanta
1513 2412 1826 2468 importancia,
1855 2426 1944 2467 que

305 2497 455 2552 puedo
472 2496 577 2538 bien
601 2503 751 2539 tornat
775 2501 800 2539 a
821 2498 943 2541 dezir
967 2499 1010 2540 lo
1032 2513 1121 2553 que
1145 2515 1170 2543 e
1199 2498 1336 2541 dicho
1365 2504 1463 2540 otra
1487 2512 1585 2540 vez:
1614 2510 1702 2550 que
1726 2502 1948 2539 entonces

307 2578 591 2622 entendimos
630 2583 724 2622 mas
752 2581 1026 2624 claramente
1048 2582 1089 2624 al
1121 2581 1365 2638 particular
1396 2595 1480 2636 por
1503 2582 1592 2634 que
1615 2578 1726 2621 Dios
1758 2584 1951 2621 nuestro

306 2664 451 2707 Sefior
474 2676 557 2705 nos
579 2663 727 2705 embio
749 2679 777 2719 y
800 2664 1047 2721 coniungio
1071 2679 1158 2708 con
1183 2666 1224 2709 el
1249 2667 1301 2708 Ρ.
1330 2667 1392 2708 Μ.
1414 2662 1613 2707 Canisio.
1638 2663 1702 2704 La
1720 2675 1828 2704 cosa
1845 2660 1954 2703 vino

305 2761 363 2789 en
387 2747 499 2788 tales
523 2746 756 2798 terminos,
783 2762 871 2803 que
904 2749 979 2791 fue
1008 2748 1113 2792 bien
1151 2755 1394 2800 menester,
1436 2761 1516 2803 por
1545 2748 1588 2790 la
1619 2743 1955 2788 contradiction

307 2844 395 2884 que
418 2844 475 2873 en
497 2830 584 2872 ello
607 2833 725 2882 auia,
752 2844 839 2884 que
863 2846 911 2873 se
940 2839 1159 2877 mostrase
1190 2839 1352 2885 rostro,
1377 2846 1407 2887 y
1433 2831 1630 2881 firmeza,
1663 2844 1691 2884 y
1726 2820 1953 2871 doctrina²

307 2912 348 2955 el
370 2912 548 2967 peligro
581 2925 671 2954 era.
691 2918 768 2954 tan
791 2915 980 2968 grande,
1008 2930 1096 2969 que
1120 2930 1201 2971 por
1223 2928 1381 2959 menos
1403 2927 1452 2956 se
1481 2915 1586 2955 auia
1609 2912 1665 2953 de
1689 2909 1817 2954 venir
1841 2913 1867 2952 a
1890 2924 1952 2951 un

305 2994 469 3037 scisma
492 2994 719 3038 vniuersal
743 3002 830 3038 etc.
855 2997 1150 3052 Trabajamos
1175 3005 1299 3041 tanto
1324 2997 1458 3040 todos
1475 2996 1671 3050 despues
1687 2994 1744 3037 de
1761 3007 1949 3050 pascua,
