2101 3348
367 262 437 299 750
881 252 1020 287 EPIST.
1048 250 1093 285 P.
1121 248 1395 292 NADAL—6z4

319 363 385 399 to.
413 354 523 399 Solo
547 359 809 409 represento
832 366 882 396 se
904 367 978 396 me
999 349 1201 394 habbino
1223 351 1280 394 de
1301 350 1560 393 consultare
1581 363 1661 405 per
1683 349 1763 391 dar
1780 348 1857 391 laa
1872 347 1962 390 mia

319 430 653 475 informatione.
682 430 782 472 Con
804 429 986 473 suauita
1009 428 1055 471 di
1077 442 1216 471 cuore
1245 427 1437 484 pigliarb
1459 426 1480 453 ¹²
1498 441 1555 471 en
1584 426 1626 469 el
1653 424 1821 481 Signor
1849 424 1958 481 ogni

322 523 428 553 cosa
449 509 533 550 che
556 505 700 550 ordini
720 507 760 549 la
781 508 831 549 P.
854 507 933 559 V.,
955 521 982 549 o
1001 505 1039 548 si
1056 504 1237 561 stampi,
1257 519 1284 547 ο
1301 519 1376 552 no.
1394 511 1439 547 et
1455 519 1535 560 per
1552 504 1637 545 che
1654 501 1727 545 via
1743 508 1789 544 et
1804 501 1956 544 modo.

322 588 393 629 Da
414 599 486 628 me
508 598 600 626 non
622 583 768 626 vorrei
793 583 1014 639 pendesse
1037 582 1189 626 niente
1219 588 1251 624 ⁰.
1280 569 1316 625 1'3
1331 580 1351 608 d
1373 581 1416 624 13
1438 594 1547 623 cosa
1568 594 1657 623 non
1682 578 1771 621 mia
1793 592 1841 621 se
1863 592 1958 620 non

320 662 442 707 della
464 660 764 717 Compagnia‚
791 660 871 702 lzoc
892 663 956 702 est
977 659 1022 702 di
1045 660 1103 703 V.
1126 661 1179 702 P.
1206 658 1287 703 Lei
1310 657 1451 701 faccia
1468 657 1618 713 quello
1639 656 1705 713 gli
1721 654 1892 712 parera.
1910 656 1957 698 Io

325 753 415 782 non
435 739 496 781 ho
512 737 557 780 di
575 739 642 780 far
659 738 790 790 altro,
811 751 860 780 se
877 751 969 780 non
986 736 1144 782 obedir
1166 742 1200 790 Β,
1221 736 1251 779 11
1268 737 1352 779 che
1371 736 1466 779 farb
1483 748 1569 777 con
1586 733 1797 778 dolcezza
1814 732 1961 775 conia

326 815 473 873 gratia
495 815 569 859 del
591 814 774 871 Signor.
801 814 888 857 Del
913 816 965 857 P.
993 815 1131 857 Iohan
1153 813 1251 856 diri)
1273 813 1454 868 quando
1484 810 1621 855 habbi
1648 810 1695 853 di
1721 810 1862 854 andar
1884 823 1963 852 eo-

325 893 415 938 513.
435 891 597 936 Vorrei
614 907 744 948 saper
762 892 880 936 dalla
904 893 957 935 P.
984 892 1041 935 V.
1063 905 1113 934 se
1134 893 1235 934 sare
1257 889 1461 946 obligato
1483 890 1540 932 da
1562 888 1640 944 qui
1662 887 1833 931 scriuer
1855 885 1966 943 ogni

328 984 468 1023 mese,
494 969 533 1013 si
555 983 684 1013 come
707 969 768 1012 ho
793 969 906 1012 fatto
924 969 981 1011 da
997 967 1244 1013 Germania
1261 983 1340 1024 per
1360 966 1516 1010 ordine
1533 965 1579 1008 di
1596 967 1649 1009 V.
1673 967 1746 1017 P.,
1766 963 1840 1007 cui
1857 962 1965 1006 doni

328 1046 550 1104 spirituali
573 1045 809 1102 augmenti
831 1060 1007 1102 sempre
1021 1045 1054 1087 il
1074 1045 1242 1101 Signor
1265 1059 1291 1087 3
1313 1043 1454 1086 maior
1476 1042 1622 1099 gloria
1642 1041 1688 1084 di
1704 1056 1786 1084 sua
1808 1039 1964 1083 diuina

331 1124 441 1168 Mta.
469 1123 542 1169 etf
563 1123 739 1179 magior
761 1130 1010 1179 augmento
1033 1123 1150 1166 (16113
1173 1120 1470 1177 Compagnia.
1493 1119 1585 1163 Alli
1608 1118 1675 1162 soi
1697 1117 1906 1162 sacrificii
1923 1123 1968 1161 et

332 1201 527 1245 orationi
550 1200 594 1243 di
618 1215 756 1244 cuore
778 1199 838 1242 mi
860 1199 1121 1243 rieomando
1143 1206 1189 1242 et
1211 1198 1316 1242 (13111
1338 1197 1473 1241 Padri
1500 1196 1726 1240 assistenti
1748 1202 1793 1238 et
1815 1208 1966 1238 seere-

329 1278 463 1322 tario.
489 1279 718 1321 Dominus
735 1278 794 1319 sit
811 1277 1057 1320 nobiscum.
1083 1276 1142 1320 Di
1164 1275 1373 1327 Venetia,
1401 1287 1456 1318 20
1478 1274 1524 1317 di
1551 1273 1808 1318 Settembre
1836 1282 1963 1326 1577.

334 1357 392 1399 D.
422 1358 473 1399 P.
498 1356 554 1398 V.
580 1369 713 1398 seruo
735 1353 783 1396 in
804 1355 900 1408 X.⁰,

1418 1435 1448 1491 †
1480 1435 1665 1550 NAssAL.
1703 1434 1732 1490 †

429 1586 671 1642 Inscriptio
689 1586 738 1628 in
761 1588 927 1641 quarta
952 1585 1149 1641 pagina,
1174 1583 1267 1625 alia
1290 1597 1433 1625 mann
1451 1597 1462 1624 :
1486 1583 1515 1639 {0
1539 1582 1597 1625 Al
1619 1582 1758 1623 molto
1782 1581 1898 1623 Rdo.
1926 1578 1972 1621 in

337 1664 475 1707 Chro.
504 1663 649 1706 Padre
671 1662 702 1704 il
723 1664 771 1705 P.
796 1662 1028 1706 Euerardo
1046 1660 1353 1712 Mercuriano,
1375 1659 1602 1715 preposito
1620 1658 1833 1714 generale
1855 1656 1973 1700 della

336 1739 620 1797 Compagnia
642 1739 686 1782 di
704 1739 861 1783 Giesu.
880 1740 928 1781 In
946 1740 1103 1782 Roma.
1126 1738 1233 1780 Alia
1250 1751 1409 1779 manu:
1433 1747 1559 1791 1577.
1581 1734 1779 1787 Vinetia,
1802 1736 1854 1777 Ρ.
1876 1731 1972 1777 Na-

336 1818 442 1863 tale.
469 1831 525 1861 20
546 1817 591 1860 di
617 1818 727 1871 7.bre
749 1817 907 1873 sigilli
929 1817 1069 1859 abcisi
1095 1815 1357 1872 vestigium.

1103 1927 1215 1964 (3221

787 2004 839 2044 P.
867 2000 1281 2044 HIERONYMUS
1311 2000 1529 2043 NADAL
1593 2030 1596 2031 ν
1634 2024 1639 2027 -

652 2085 834 2120 PATRI
881 2082 1215 2120 EVERARDO
1258 2080 1667 2118 MERCURIANO

815 2163 1025 2201 VENETns,
1046 2155 1089 2189 28
1108 2162 1345 2190 DECEMBRIS
1367 2162 1456 2198 1577
1477 2154 1502 2188 ¹.

343 2228 526 2269 Romam,
548 2239 637 2263 vere
655 2230 876 2274 appetente,
893 2227 1096 2274 proficisci
1111 2227 1270 2261 statuit:
1288 2226 1419 2260 animi
1432 2226 1550 2272 grati
1573 2236 1673 2272 erga
1697 2224 1842 2259 Patres
1866 2234 1979 2258 vene-

986 2288 1044 2320 tos
1061 2297 1175 2320 sensa
1193 2286 1337 2331 aperit.

433 2357 576 2400 Molto
600 2357 712 2399 Rdo.
741 2356 785 2398 in
809 2358 929 2412 Xpo.
953 2358 1100 2399 Padre
1122 2364 1292 2399 nostro.
1320 2358 1415 2399 Pax
1438 2355 1543 2412 Xpi.
1571 2361 1661 2397 ete.
1697 2356 1870 2398 Precor
1893 2355 1975 2396 ad-

342 2435 527 2477 modum
557 2434 696 2477 Rdae.
732 2433 1002 2477 Paternitati
1040 2442 1144 2476 tuae
1174 2432 1349 2477 foelieia
1378 2434 1493 2476 festa
1530 2439 1574 2475 et
1596 2432 1759 2476 Natale
1786 2430 1972 2474 Domini

344 2518 388 2555 et
417 2525 586 2554 annum
617 2511 688 2563 78,
721 2510 930 2553 omnibus
970 2510 1182 2553 Patribus
1212 2517 1256 2552 et
1294 2509 1527 2562 fratribus,
1552 2508 1630 2564 qui
1668 2510 1837 2552 Romae
1866 2514 1972 2550 sunt

344 2588 525 2641 nostris,
551 2594 595 2630 et
626 2587 865 2630 uniuersae
896 2587 1131 2631 Societati.
1164 2586 1279 2630 Dell'
1307 2586 1522 2629 infirmita
1552 2586 1654 2639 mia,
1681 2593 1726 2628 et
1754 2585 1970 2637 recidiua,

342 2665 496 2708 scriuo
519 2665 560 2707 al
584 2666 635 2707 P.
659 2663 863 2707 Oliuerio
885 2664 917 2705 ‘·'.
940 2665 1088 2706 Tanto
1107 2671 1267 2718 questo
1291 2662 1349 2704 mi
1374 2670 1492 2706 resta
1515 2677 1539 2704 a
1562 2662 1657 2706 dire
1680 2677 1704 2705 a
1723 2664 1776 2706 V.
1798 2664 1865 2714 P.,
1888 2663 1976 2706 che

417 2790 437 2811 a
475 2784 560 2817 Hoc
579 2784 689 2818 verb.
711 2793 826 2828 supra
844 2792 946 2816 vers.
968 2781 1116 2816 addidit
1135 2782 1256 2816 N.-b
1271 2781 1293 2816 3
1311 2783 1430 2817 verba
1449 2792 1557 2828 seqq.
1574 2793 1689 2828 supra
1707 2792 1810 2816 vers.
1831 2779 1979 2815 addidit

347 2842 465 2878 N.—c
484 2842 668 2889 Sequitur
685 2842 736 2877 da
758 2853 817 2876 me
836 2841 1083 2876 obliteratum
1102 2852 1123 2875 a
1140 2841 1193 2877 N.
1208 2841 1271 2868 —d
1288 2841 1543 2876 Emendatum
1563 2853 1611 2875 ex
1630 2844 1749 2876 et.-e
1770 2841 1876 2884 Aut„
1899 2840 1982 2875 obe·

340 2901 542 2937 dadin-s
563 2902 649 2948 Hoe
668 2902 777 2936 verb.
799 2900 859 2935 bis
878 2899 1035 2946 scripsit
1052 2900 1100 2934 N.

419 3002 429 3023 ¹
482 3003 539 3037 Ex
558 3002 782 3048 archetypo,
803 3001 843 3036 in
861 3000 988 3046 Epist.
1010 3000 1166 3046 Natal.‚
1186 3001 1231 3044 ΙΙ,
1249 3000 1395 3047 duplici
1412 2999 1495 3047 fol.,
1517 3001 1582 3036 261
1604 3001 1720 3047 (215).

416 3064 431 3083 ²
482 3062 699 3106 Manareus,
719 3060 906 3095 assistens
925 3059 1159 3095 Germaniae
1178 3065 1217 3094 et
1236 3059 1404 3095 Galliae.
